5602 4176
316 292 4955 131 querela quę diu extiterat inter flaviniacensem et fontenetensem ęcclesiam de finibus puteoli franci juviniaci et villaris hoc modo finita est

296 423 4840 140 condixerunt pariter abbates agano flaviniacensis et vuillermus fontenetensis consilio domni oberti prioris sancti simphoriani et teobaudi militis

288 574 5008 125 de grisineto qui utriusque partis communes erant et aliorum tam monachorum quam laicorum qui non communes sed vel hinc vel inde erant quod idem

280 731 4988 102 abbas vuillermus cum suis iret illuc secumque duceret ex sua parte antiquos peritosque eorumdem finium terminatores ex alia quoque parte iret

278 856 5000 121 illuc ex precepto predicti abbatis aganonis domnus vuido monachus de grinione duceret que secum similiter predictorum finium peritos terminatores in

282 985 4996 158 quorum omnium ex utraque parte advenientium presentia querele partiretur calumpnia prestituta igitur die ut dictum fuerat utrinque advenientes incipientes

262 1145 5036 178 a capite cumbe quę est inter villare et puteolum incipientes inquam in ipsius cumbe filo et tendentes jusum versus designaverunt loca quę lapideę mete ibidem

276 1299 4878 180 de loco in locum posite adhuc demonstrant quantum ex illa parte fines utrinque durabant ex altera vero parte susum juviniacum versus nichilominus

283 1463 5011 207 designaverunt loca usque ad cumbam rivenxun sicut et illic posite lapidee mete demonstrant ipsam vero cumbam rivenxun partiti sunt per medium ita ut neutra pars

276 1651 5034 212 sine altera quicquam ibi edificare possit quantum scilicet eorumdem finium durat confinium affuerunt ex parte abbatis vuillelmi henricus de escaloio et christianus

274 1847 4876 198 filius ejus girardus de liri robertus de melicsun constantius de palu petrus avunculus petri majorelli ex parte domni vuidonis petrus presbiter de cancellis

282 2029 5004 216 hulduinus de frosleio ministerialis ejusdem vuidonis hunbertus filius ejus odo de peleri girardus filius lamberti hoc totum sicut factum est laudavi ego agano dei gratia

284 2201 5034 246 flaviniacensis abbas et universum capitulum nostrum in festo sancti prejecti martiris postulante abbate vuillelmo et fratribusqui secum aderant vuillelmo et milone de tilio

288 2399 4946 246 nostrę autem personę quę tunc aderant in capitulo et laudaverunt he sunt odo prior gislerius subprior teobaudus cantor gaufridus cellerarius girardus decanus predictus

276 2579 5010 274 vuido de grinione grinun petrus colcensis prior rainaldus sinemurensis prior et ut hoc ratum firmumque in perpetuum permaneat ego agano dei gratia ut dictum est flaviniacensis

276 2771 4976 294 abbas appositione sigilli nostri confirmo hęc omnia interminans sub anathemate ne quis de nostris ęcclesię fonteneti scienter inde injuriam facere

276 3057 1658 176 aut temeraria eam vecxatione fatigare presumat
