4096 3730
357 518 3279 135 ego stephanus dei gratia eduensis episcopus notum facio presentibus et futuris quod odo

306 661 3359 197 major fraxini laudavit et concessit ecclesie fonteneti dona et elemosinas et terras

306 871 3441 167 quas pater suus eidem ecclesie sive per emptionem sive per elemosinam concesserat promiserunt

314 1054 3433 169 etiam ei ejusdem ecclesie fratres quod si quando guerra contingeret pecora et res ipsius pro

321 1255 3423 161 posse suo salvo ordine suo ad tempus servarent ea tamen conditione quod si eis vel vi

302 1454 3474 154 ablata fuerint vel furto surrepta que illi servaverint nichil ei inde respondebunt

329 1657 3439 139 laudaverunt hoc filii ejusdem odonis girardus drodo paganus et filia ejusdem

306 1852 3434 137 nomine aquila horum testes sunt odo archipresbiter tullionis girardus capellanus noster rainaldus

309 2047 3452 134 major tullionis et filii ejus robertus et guido concesserunt etiam supradicti fratres eidem

317 2243 3445 136 odoni quod ab eis recipietur quandocumque ad conversionem venire voluerit et si eum morte

330 2418 3510 164 preveniri contigerit tantum pro eo facient quantum pro uno converso presentem igitur cartam sigilli

306 2584 3546 204 nostri appensione munientes sub anatematis sententia prohibemus ne quis in posterum

309 2753 3521 215 fratres fonteneti super his ullo modo molestare presumat
