3554 2862
323 227 2800 201 ego gauterius dei gratia eduensis episcopus notum facio presentibus et futuris quod urricus dominus lucennaii in obitu

327 501 2727 106 suo dedit concessit et laudavit in elemosinam perpetuam domui et fratribus fonteneti sicut frater suus raimundus

326 660 2803 113 primitus dederat et concesserat pasturas territorii de lucennaio tam in bosco quam in plano sicut dividit

306 825 2789 110 chiminus qui ducit de castellione versus flaviniacum a parte tullionis usque ad ipsum chiminum hoc retento

314 979 2775 109 quod si animalia eorum in pratis vel bladis dampnum aliquod intulerint ipsi dapnum illatum restituant sine

302 1144 2802 108 alia emendatione laudavit etiam metas quas idem raimundus posuerat inter finagium lucennaii et terram fonteneti

306 1311 2804 109 et querelam de finagio de puce unde fratres fonteneti injuste vexaverat sicut ipse recognovit eisdem fratribus

308 1477 2797 109 guerpivit dedit etiam eisdem fratribus prefatus urricus pro remedio anime sue terram de baisa hoc totum laudaverunt

306 1645 2823 112 agnes mater ejus et edelina uxor ejus horum omnium testes sunt haimo abbas flaviniaci henricus

315 1810 2817 118 abbas castellionis odo archipresbiter tullionis racius capellanus lucennaii pontius de frollesio willelmus dominus montis

326 1969 2787 120 sancti johannis buro de buxi oliverus de grinione milites robertus major de buxi et josbertus major lucennaii

312 2137 2801 115 quod totum ut ratum sit in posterum sigilli mei impressione munivi anno ab incarnatione domini m째

287 2242 364 85 c째 xc째 ix째
