4138 5192
306 345 3636 108 ego gualterus dei gratia lingonensis episcopus notum fieri volo tam futuris quam presentibus quod osmundus de plaaneto quicquid juris habebat

298 505 3640 164 ipse et antecessores ejus in toto territorio plaaneti in bosco et in plano dedit et concessit ecclesię fonteneti in elemosinam sub

298 701 3610 176 annuo censu decem videlicet solidis toto marcio solvendis et sex annonę sextariis tribus scilicet frumenti et tribus avenę

290 887 3632 176 ante festum sancti andreę reddendis ad mensuram montis barri guerpivit etiam et concessit prefatę ecclesię tuschiam quam in

282 1071 3656 182 gagio habebat et totam terram rainaldi de marmania ubicumque esset in bosco et in plano exceptis mansis arbergatis

270 1259 3644 178 et molendino marmanię est autem pactum inter monachos fonteneti et osmundum quod nec ipse nec ipsius heredes ulli

286 1447 3636 182 alii ecclesię vel homini de eodem censu elemosinam facient nisi fonteneto si vero illum vendere vel impignerare voluerint prius fontenetensibus

276 1637 3640 170 offerent et quamdiu ipsi tantum quantum alius dare voluerint nulli alii homini eum vendent vel impignerabunt

268 1825 3658 158 graantavit quoque osmundus quod adversus omnes homines monachis de eadem acensia garentiam portabit si quis illic aliquid clamare

282 2015 3616 142 vel calumniari voluerit propter hoc dederunt osmundo monachi super xxti iiiior libras quas super partem ejus habebant lxta

276 2204 3638 139 libras et bovem unum hujus rei testes sunt rainaldus montis barri decanus et rainaldus clericus nepos ipsius symon quoque de

276 2386 3638 133 curtenge et bernardus narioldi hec omnia laudavit uxor osmundi elisabeth et pro laude habuit vaccam unam cum vitulo unde testes

284 2579 3576 134 sunt rainaldus decanus oliverius de grinone rainerius de rocha et bernardus narioldi amita quoque osmundi mabilia et filii ejus robertus

278 2763 3588 132 hugo et rainardus hec omnia sicut superius descripta sunt laudaverunt et concesserunt et pro hoc habuit predicta mabilia vaccam cum vitulo

260 2949 3628 136 et pellicium et filii ejus xvcim solidos unde sunt testes petrus prior de asiaco symeon et engelbertus capellani odo de lania et petrus

262 3139 3624 132 alirez hugo quoque chenlost et uxor ejus sibilla laudavit unde testes sunt aimo de grinione monacus fontenetensis ipse quoque osmundus

266 3315 3624 134 et airardus de monte barri laudavit etiam hec omnia luca cum filiis suis et filia rainerio videlicet petro et maria testes sunt

252 3491 3638 144 phippus de curte rabodi oliverius de grinione et rainerius de rocha et hoc laudavit rainerius de chaudisel unde testes sunt

254 3673 3622 143 philippus de curte rabodi et frater ermenfridus oliverius de grinione et rainerius de rocha hec omnia laudavit paganus

258 3843 3628 153 de salvise et si quid ibi juris habebat seu calumnię guerpivit ecclesię fontenetensi et in ęcclesia montis barri super sancta juravit quod de

252 4034 3640 146 his omnibus fontenetensibus fidelis adjutor existeret unde testes sunt rainaldus decanus et bovo capellanus ejus humbertus capellanus dominę et

250 4204 3626 152 odo de lania bernardus narioldi christianus arlauz et brocardus hec igitur omnia sigilli mei appensione confirmans ne quis gravamen

230 4387 3704 146 aliquod seu vexationem de his ęcclesię fontenetensi inferat episcopali auctoritate prohibeo et omnes contra hec agentes donec resipiscant anathemate

220 4579 2098 142 damno actum anno dominicę incarnationis m° c° lxx° i°
