2440 3760
195 340 2043 115 ego odo archipresbiter tulionis notum facio tam futuris quam presentibus quod hugo brebantio

185 496 1995 155 laudante aaliz conjuge sua donavit in perpetuam elemosinam ecclesie fonteneti

189 682 2037 151 quicquid habebat in pratis et in terris et ix solidos census qui sibi debebantur apud marmeniam

189 863 1980 147 et unum mansum in eadem villa et habuit propter hoc de beneficio ecclesie xxxvi libras

176 1054 2016 146 et viii solidos ad solvenda debita sua et preter hoc xii libras quas eidem ecclesie debebat

156 1226 1986 154 hoc totum laudavit willelmus frater suus et uxor sua et gilebertus frater ipsius et uxor

191 1409 1951 159 sua et margarita soror sua et maritus ejus et omnes liberi sui et hugo dabit

164 1604 1935 151 et uxor sua hoc etiam laudavit reinardus de curcellis de cujus feodo

153 1795 2000 143 erant hec omnia et uxor sua et omnes liberi sui hoc etiam laudavit willelmus

155 1979 1981 141 frater ejusdem reinardi cum uxore sua hujus rei testes sunt bernardus de grinione

150 2155 1907 146 hugo de quinciaco hugo de rubeo monte odo miles de

146 2298 2062 213 marmenia theobaldus prepositus montis barri adam de marmenia quod

156 2585 1946 165 totum ut perpetuum ratum habeatur sigilli mei mei impressione confirmavi

165 2807 1298 139 anno ab incarnatione domini m째 c째 xc째 vi째
