7478 6172
2360 868 3280 260 ego hilduinus dei gratia lingonensis episcopus universis notum facio presentibus et futuris quod

2336 1085 3372 245 dominus girardus libroz de asneriis et margarita uxor sua dederunt in perpetuam elemosinam pro

2374 1297 3340 265 salute animarum suarum ecclesie et fratribus fonteneti pasturas et pastionem et aasentiam aque ad usum

2358 1535 3302 241 omnium animalium et peccorum suorum et porcorum per totum finagium ville de asneriis et per omnem

2330 1751 3382 249 potestatem ipsius in bosco et plano in monte et valle addiderunt insuper prefate donationi

2352 1991 3372 237 sue quecumque fuerint neccessaria pastoribus jamdicte ecclesie in eisdem pasturis commorantibus

2360 2219 3344 243 ligna sciliced ad faciendum focum ad bordam construendam et rameriam quod si predicti

2386 2453 3318 231 fratres vel res ipsorum alicui aliquod dampnum intulerint ad vallentiam dampni capitale solummodo

2362 2677 3352 225 restituetur absque alia emendatione concesserunt etiam idem girardus et margarita

2368 2895 3414 243 uxor sua memoratis fratribus duo mansa in eadem villa de asneriis mansum scilicet petri cognomento

2386 3127 3320 255 bauleraul et mansum gilemin et unum sextarium bladi medietatem frumenti et medietatem

2392 3351 3266 243 tremesii in propriis ipsorum terciis annuatim percipiendum hec omnia laudaverunt hugo

2412 3575 3300 267 curabois miles et aaladis sepedicte margarite mater et concesserunt bona fide prescriptis

2418 3823 3334 267 fratribus quicquid juris in prenominatis rebus habebant actum est hoc ad portam fonteneti astante

2408 4061 3310 257 universo monachorum conventu unde testes sunt christianus de asneriis bernardus de nogento

2351 4291 3383 270 sacerdotes guido dominus de venerri pontius miles de chaaci thomas de grinione tecelinus de

2396 4545 3374 245 nogento et guido frater ejus quod totum ut ratum sit et firmum in posterum sigilli mei munimine

2426 4753 3336 257 presentem paginam roborari precepi anno incarnationis dominice millesimo ducentesimo ii°
