<?xml version="1.0" encoding="UTF-8"?>
<alto xmlns="http://www.loc.gov/standards/alto/ns-v4#"
      xmlns:xsi="http://www.w3.org/2001/XMLSchema-instance"
      xmlns:tei="http://www.tei-c.org/ns/1.0"
      xsi:schemaLocation="http://www.loc.gov/standards/alto/ns-v4# ../schema/alto.xsd">
   <Description>
      <MeasurementUnit>pixel</MeasurementUnit>
      <sourceImageInformation>
         <fileName>FRAD021_15_H_163_0010.tif</fileName>
      </sourceImageInformation>
   </Description>
   <Layout>
      <Page ID="zone-pb_Fontenay_3"
            PHYSICAL_IMG_NR="0"
            WIDTH="5826"
            HEIGHT="3132">
         <PrintSpace HPOS="0" VPOS="0" WIDTH="5826" HEIGHT="3132">
            <TextBlock HPOS="207"
                       VPOS="192"
                       WIDTH="5382"
                       HEIGHT="2342"
                       ID="zone-col_pb_Fontenay_3_1">
               <Shape>
                  <Polygon POINTS="207,192 5589,192 5589,2534 207,2534"/>
               </Shape>
               <TextLine ID="zone-line_pb_Fontenay_3_1_1"
                         BASELINE=""
                         HPOS="288"
                         VPOS="231"
                         WIDTH="5102"
                         HEIGHT="256">
                  <Shape>
                     <Polygon POINTS="288,231 5390,231 5390,487 288,487"/>
                  </Shape>
                  <String CONTENT="notificamus tam presentibus quam futuris qualiter controversia quę erat inter ęcclesiam fonteneti et gauterium filium gisleberti de tilio decisa est"
                          HPOS="288"
                          VPOS="231"
                          WIDTH="5102"
                          HEIGHT="256"/>
               </TextLine>
               <TextLine ID="zone-line_pb_Fontenay_3_1_2"
                         BASELINE=""
                         HPOS="306"
                         VPOS="389"
                         WIDTH="5108"
                         HEIGHT="312">
                  <Shape>
                     <Polygon POINTS="306,389 5414,389 5414,701 306,701"/>
                  </Shape>
                  <String CONTENT="et pacificata gislebertus hujus gauterii pater pro suis parentumque suorum excessibus quicquid juris habebat in omnibus decimis ęcclesię fonteneti"
                          HPOS="306"
                          VPOS="389"
                          WIDTH="5108"
                          HEIGHT="312"/>
               </TextLine>
               <TextLine ID="zone-line_pb_Fontenay_3_1_3"
                         BASELINE=""
                         HPOS="278"
                         VPOS="587"
                         WIDTH="5096"
                         HEIGHT="320">
                  <Shape>
                     <Polygon POINTS="278,587 5374,587 5374,907 278,907"/>
                  </Shape>
                  <String CONTENT="adquisitis vel adquirendis fratribus ibidem deo militantibus imperpetuum concesserat sed predictus gauterius suggestione illius qui"
                          HPOS="278"
                          VPOS="587"
                          WIDTH="5096"
                          HEIGHT="320"/>
               </TextLine>
               <TextLine ID="zone-line_pb_Fontenay_3_1_4"
                         BASELINE=""
                         HPOS="284"
                         VPOS="777"
                         WIDTH="5048"
                         HEIGHT="320">
                  <Shape>
                     <Polygon POINTS="284,777 5332,777 5332,1097 284,1097"/>
                  </Shape>
                  <String CONTENT="semper invidet bonis super hoc calumpniam movit tandem admonitione et consilio oberti abbatis sanctę margaritę ad se reductus"
                          HPOS="284"
                          VPOS="777"
                          WIDTH="5048"
                          HEIGHT="320"/>
               </TextLine>
               <TextLine ID="zone-line_pb_Fontenay_3_1_5"
                         BASELINE=""
                         HPOS="286"
                         VPOS="953"
                         WIDTH="5164"
                         HEIGHT="328">
                  <Shape>
                     <Polygon POINTS="286,953 5450,953 5450,1281 286,1281"/>
                  </Shape>
                  <String CONTENT="concessit ęcclesię eidem quicquid pater concesserat et ne quis verbo huic inherere posset nominatim concessit quicquid juris habebat in omnibus"
                          HPOS="286"
                          VPOS="953"
                          WIDTH="5164"
                          HEIGHT="328"/>
               </TextLine>
               <TextLine ID="zone-line_pb_Fontenay_3_1_6"
                         BASELINE=""
                         HPOS="292"
                         VPOS="1155"
                         WIDTH="5158"
                         HEIGHT="324">
                  <Shape>
                     <Polygon POINTS="292,1155 5450,1155 5450,1479 292,1479"/>
                  </Shape>
                  <String CONTENT="decimis jam dictę ęcclesię fonteneti adquisitis vel adquirendiset sacrosanctis tactis reliquiis se servaturum juravit donationem quam"
                          HPOS="292"
                          VPOS="1155"
                          WIDTH="5158"
                          HEIGHT="324"/>
               </TextLine>
               <TextLine ID="zone-line_pb_Fontenay_3_1_7"
                         BASELINE=""
                         HPOS="276"
                         VPOS="1347"
                         WIDTH="5202"
                         HEIGHT="324">
                  <Shape>
                     <Polygon POINTS="276,1347 5478,1347 5478,1671 276,1671"/>
                  </Shape>
                  <String CONTENT="ipse et gislebertus fecerat pro hac re tamen de beneficio ecclesię centum solidos habuit hec concessio facta est in manu willelmi venerabilistunc"
                          HPOS="276"
                          VPOS="1347"
                          WIDTH="5202"
                          HEIGHT="324"/>
               </TextLine>
               <TextLine ID="zone-line_pb_Fontenay_3_1_8"
                         BASELINE=""
                         HPOS="272"
                         VPOS="1541"
                         WIDTH="5208"
                         HEIGHT="322">
                  <Shape>
                     <Polygon POINTS="272,1541 5480,1541 5480,1863 272,1863"/>
                  </Shape>
                  <String CONTENT="temporis loci fontenetensis abbatis videntibus et audientibus istis riberto priore guillelmo et andrea prefatę ęcclesię monachis"
                          HPOS="272"
                          VPOS="1541"
                          WIDTH="5208"
                          HEIGHT="322"/>
               </TextLine>
               <TextLine ID="zone-line_pb_Fontenay_3_1_9"
                         BASELINE=""
                         HPOS="264"
                         VPOS="1733"
                         WIDTH="5250"
                         HEIGHT="320">
                  <Shape>
                     <Polygon POINTS="264,1733 5514,1733 5514,2053 264,2053"/>
                  </Shape>
                  <String CONTENT="militibus vero oliverio de frolesio havino de rocha vuinebaudo presbitero sinemurensi johanne et rogerio fratribus qui dicuntur male"
                          HPOS="264"
                          VPOS="1733"
                          WIDTH="5250"
                          HEIGHT="320"/>
               </TextLine>
               <TextLine ID="zone-line_pb_Fontenay_3_1_10"
                         BASELINE=""
                         HPOS="256"
                         VPOS="1929"
                         WIDTH="5266"
                         HEIGHT="324">
                  <Shape>
                     <Polygon POINTS="256,1929 5522,1929 5522,2253 256,2253"/>
                  </Shape>
                  <String CONTENT="nominati hoc actum est anno ab incarnatione domini m° c° xl° viii° ego quoque obertus abbas sanctę margaritę licet indignus quo"
                          HPOS="256"
                          VPOS="1929"
                          WIDTH="5266"
                          HEIGHT="324"/>
               </TextLine>
               <TextLine ID="zone-line_pb_Fontenay_3_1_11"
                         BASELINE=""
                         HPOS="236"
                         VPOS="2127"
                         WIDTH="5326"
                         HEIGHT="336">
                  <Shape>
                     <Polygon POINTS="236,2127 5562,2127 5562,2463 236,2463"/>
                  </Shape>
                  <String CONTENT="mediante pax ista facta est his interfuisse me testificor et impressione nostri sigilli ad memorię perhennitatem cartam istam"
                          HPOS="236"
                          VPOS="2127"
                          WIDTH="5326"
                          HEIGHT="336"/>
               </TextLine>
               <TextLine ID="zone-line_pb_Fontenay_3_1_12"
                         BASELINE=""
                         HPOS="2474"
                         VPOS="2407"
                         WIDTH="876"
                         HEIGHT="160">
                  <Shape>
                     <Polygon POINTS="2474,2407 3350,2407 3350,2567 2474,2567"/>
                  </Shape>
                  <String CONTENT="communivi"
                          HPOS="2474"
                          VPOS="2407"
                          WIDTH="876"
                          HEIGHT="160"/>
               </TextLine>
            </TextBlock>
         </PrintSpace>
      </Page>
   </Layout>
</alto>
