5110 4872
363 236 4511 507 in nomine patris et filii et spiritus sancti amen ego godefridus

378 738 4536 222 dei gratia lingonensis episcopus tam presentibus quam futuris notifico andream montis barri dominum filium bernardi

378 914 4544 235 filii rainardi in presentia nostri recognovisse dona et concessiones que in elemosinam abbatie fonteneti contulerat

366 1088 4536 233 sunt autem hec tota videlicet pars illa nemoris segestri que est ad sinistram vie que a planis ejusdem

358 1260 4584 233 nemoris naellam tendit sicut lapidee mete inibi posite designant divisio quoque terrarum inter fontanas et segestrum

366 1440 4444 229 sicut facta jamdudum fuerat in presentia comitisse amite ejusdem andree ubi et lapidee mete posite sunt

348 1586 4502 259 quicqui d etiam proprii habebat jam dictus andreas intra fines plaaneti nominatimque tuschia et concessit adquirendum

346 1795 4524 231 sive elemosina sive pecunia ab hominibus ad se pertinentibus qui aliquid juris ibidem habebant

326 1969 4564 231 quicquid possent fontenetenses concessit etiam eisdem quicquid habebant ab oberto de til quod ad se pertinebat

354 2152 4552 235 concessit nichilominus ipsisquicquid de casamentis habebant suis et quicquid adquirere possent seu elemosina

360 2326 4494 229 seu pecunia simul et totius terre sue omnes aasentias tam in nemore quam in plano et ut aliqua de eis

334 2494 4484 239 nominentur nemus ad edificandum ad ardendum ad pastionem porcorum ceterorumque animalium pascuam excepto

320 2684 4534 229 quod nemus jaliaci non poterunt essartare ad agricolandum ceterosvero usus inibi habebunt in terris

334 2858 4568 229 quoque et agriculturam et omnibus animalibus pascuam in aquis etiam piscaturam preter forestam que est inter molendinum

334 3040 4528 221 pepini et molendinum sancti johannis postremo quicquid avus suus rainardus et pater suus bernardus

314 3220 4528 225 predicte fontenetensium abbatie dederant et concesserant sicut in chartis eorum contenebatur

322 3400 4544 225 et ipse similiter andreas concessit hec igitur omnia confirmanteset proprii sigilli impressione communientes

306 3580 4580 215 dei et nostra auctoritate interdicimus ne quis super his aliquam fontenetensibus injuriam inferre

306 3760 4612 215 presumat quod si quispresumpserit anathematis gladio eum percellimus donec eisdem ipsis congrue

308 3938 542 149 satisfaciat
