5512 3420
304 277 4880 151 ego stephanus dei gratia eduensis episcopus notum facio presentibus et futuris quod guillelmus et gislebertus de nuptiis bernardus etiam vitricus eorum et filii ejus bernardus

310 475 4880 149 et hugo sorores quoque eorum elisabeth et margarita laudante willelmo margaritę marito dederunt in elemosinam ecclesie fontenetensi quicquid habebant in territorio

320 667 4854 147 chasneti et in territorio fraiteti in bosco et in plano laudaverunt etiam et concesserunt eidem ecclesię quicquid antecessores eorum habuerunt a rupe busineria et a cumba

326 853 4894 153 bonelli sursum versus abbatiam sicut vallis portat et sicut colles ex utraque parte dependent et totum alodium suum marmanię quod emelina mater eorum dederat absque

314 1050 4884 148 mansis et absque hastula quadam inter vineas et absque parvo prato juxta villam et quicquid habebant apud cortresun in terris et in pratis sicut cheminum portat sursum

308 1244 4868 136 versus usque ad rivum de cortresun et prata que tenebant monachi a matre eorum sub annuo censu hec omnia bona fide guillelmus et gisletertus et bernardus fecerunt

308 1429 4888 143 jurejurando firmantes quod adversus omnes homines de his omnibus semper ecclesię fontenetensi legitimam garentiam portabunt habuerunt autem propter hoc de beneficio

316 1617 4900 153 ecclesię guillelmus gislebertus et bernardus quatuordecim libras bernardez xii denarios hugonez xii denarios elisabeth xii margarita iiies solidos

328 1811 4856 167 et maritus ejus xii denarios hinc testes sunt odo archipresbiter wiardus vicecomes osmundus de plaaneto rainerius de chaudisel osmundus

336 2005 4818 163 de marmania et nos ad hujus rei memoriam in posterum conservandam cartam presentem sigilli nostri munimine confirmamus et

314 2199 4810 163 ne quis ulterius de his ęcclesiam fontenetensem perturbare presumat episcopali auctoritate sub anathematis interpositione prohibemus
