2556 2572
254 482 2046 58 ego odo archipresbiter tullionis notum facio omnibus presentibus pariter et futuris quod johannes cognomento

251 605 2043 115 grossus villanus recognovit in presentia mea se invadiasse ecclesie fonteneti quicquid habebat

245 773 2025 112 in finagio de jueni et de villers pro xiii libris et etiam se dedisse eidem ecclesie in perpetuam

252 947 2036 103 elemosinam prata que possidebat in finagio de villers et hujus rei gratia se receptum

245 1125 2017 119 fuisse in beneficiis ejusdem ecclesie et uxorem suam cum filio suo hoc totum laudasse

266 1317 2025 102 et habuisse propter hoc duos bladi sextarios huic recognitioni interfuerunt hubertus

257 1482 2058 107 abbas willelmus prior bernardus cellerarius fonteneti stephanus capellanus de frasneio et milo

252 1658 2069 112 de crai in cujus rei testimonium rogatu ipsius johannis presentem cartam feci scribi et sigilli

240 1826 1739 120 mei munimine roborari anno ab incarnatione domini m째 c째 xc째 vii째
