2738 2336
108 279 2444 90 ego stephanus dei gratia eduensis episcopus notum esse volo quod in pace facienda inter

110 390 2464 94 fratres fonteneti et osmundum rubei montis finitis aliis querelis de piscatura et pastura

117 500 2412 100 curcellarum et boneseii et de terra willelmi de fraxino que est apud boneseium

119 617 2407 102 ita inter se remanserunt quod fratres fonteneti de piscatura et pasturis tenent se

119 738 2427 96 pro investitis tum propter usuaria communia inter duo territoria flaciaci videlicet

123 848 2429 106 et curcellarum tum propter helemosinas que sibi inde facte sunt osmundus vero

135 961 2400 113 non concedit proinde si de his supradictis vel fontenetenses osmundo aliquam injuriam

129 1078 2403 115 facerent vel osmundus fontenetensibus qui conquereretur inde justiciam quereret

117 1190 2418 123 et qui injuriam faceret justiciam exhiberet quod si facere nollet injuriam

134 1310 2404 120 sustinens ubicumque vellet justiciam quereret sive a potestate ecclesiastica sive a seculari

129 1435 2393 125 principe hec se tenere et bona fide servare ecclesie fonteneti juravit osmundus

128 1565 1606 99 ipse et filii ejus simili t h u baudus et rainardus
