2948 2990
245 374 2395 124 ego odo archipresbiter tullionis notum facio presentibus et futuris quod adam de salveiseo filius widonis

233 543 2397 118 heres videlicet plaaneti invadiavit fratribus fonteneti quicquid habebat in plaaneto tam in bosco quam

240 714 2381 130 in plano et omnibus aasantiis pro x libris laude et assensu emengardis uxoris sue ea videlicet

243 884 2390 134 conditione quod si jamdictus adam de peregrinatione redierit et redimere voluerit guageriam suam

257 1040 2409 143 habebit si vero eam redimere noluerit vel non potuerit interim donec eam redimat fontenetenses

261 1206 2379 142 predictam guageriam habebunt si autem isdem adam in peregrinatione obierit eamdem

260 1377 2376 142 jamdictis fratribus pro anima sua et antecessorum suorum in perpetuam elemosinam donavit ita tamen

255 1562 2399 142 quod uxor ejus si supervixerit medietatem ejusdem guagerie in vita sua habebit post obitum

251 1736 2335 127 vero ipsius jamdicti fratres predictam guageriam in perpetuum possidebunt hujus rei testes sunt

276 1913 2388 128 josbertus tunc abbas fonteneti bernardus de grinione andreas dominus salvesei alverius de

273 2079 2402 130 fontanis theodoricus de salveseo et merveiles joculator quod totum ut ratum habeatur

273 2258 2409 119 in posterum sigilli mei munimine roboravi anno ab incarnatione domini m° c° lxxxix°
