4734 3124
395 307 3853 124 ego galterus dei gratia eduensis episcopus universis tam presentibus quam futuris presentem paginam inspecturis notum

426 505 3831 155 facimus quod matheus miles de jaigneio in presentia nostra constitutus dedit et libere concessit pro remedio anime sue

402 712 3909 160 et antecessorum suorum in perpetuam elemosinam ecclesie et fratribus fonteneti aasentiam in pasturis de jaigneio quantum

420 913 3861 155 ad jus suum pertinebat quitavit etiam idem matheus omnes querelas quas habebat vel habuerat in finagio de chalmis

414 1108 3875 161 et de estormer adversus jamdictam ecclesiam fonteneti hoc autem totum laudavit uxor dicti mathei nomine wibors

411 1298 3893 169 cum liberis suis guiberto andrea hugone jacobo odone pontio adam adelina et emengardi et habuerunt pro

429 1533 3875 118 laude de beneficio ecclesie memorate xxti oves quod ut totum ratum sit et firmum maneat in posterum ad petitionem

402 1723 3869 143 sepedicti mathei presentem paginam sigillo nostro fecimus roborari actum est hoc anno ab

405 1918 3877 155 incarnatione domini millesimo ducentesimo terciodecimo mense marcio
