4396 3034
441 353 3449 186 ego stephanus regniaci abbas et ego armannus eduensis archidiaconus notum facimus memorie posterorum quod

444 546 3510 168 in presentia nostra terminata est querela que erat inter obertum de tylio et fontenetensem ecclesiam movebat obertus calumpniam dicens

441 701 3545 169 terras quas monachi habebant a willelmo de fraxino debere esse de asamento suo quod monachi econtra negabant nos vero apud junaium

440 866 3519 169 cumvenientes auditis utriusque partis allegationibus fecimus judicium quod pars utraque laudavit cujus judicii exequtione facta libere

446 1023 3519 159 possederunt monachi terras calumpniatas laudante et concedente oberto ibidem recognitum fuit quod willelmus de fraxino unum tantummodo

446 1203 3553 129 pratum tenuerat de casamento oberti quod statim monachi guerpiverunt et concesserunt quod minime illud tenerent nisi assensu oberti finita itaque

441 1365 3551 120 controversia de omnibus que calumpniabatur obertus fecimus pacem inter monachos et obertum de decimis morville et aringiarum et concessit obertus ecclesie

453 1520 3576 127 fontenetensi tenetensi ut in perpetuum decimas non daret in illis grangiis nec sibi nec heredi suo habuit autem de beneficio ecclesie lxta libras et fide sua firmavit

467 1682 3507 127 hec omnia se fideliter servaturum fontenetensi ecclesie hujus rei testes sunt humbertus decanus lingonensis durannus runche rainardus dominus

446 1829 3553 129 rubei montis rainaudus vicecomes hugo cathins frater ejus teobaudus de grisini uldeerius de birre rainaudus major tullionis petrus

453 1959 3609 153 major de fraxino odo de willenetis hoc totum laudavit domina nurria uxor oberti et filie ejus materia et bonamia unde testes sunt

458 2100 3535 179 humbertus decanus lingonensis et durannus runche narduinus monachus flaviniacensis et gaufridus rufus hugo dalmatius et girardus armiger

453 2248 3549 184 ad cujus rei testimonium ego stephanus regniaci abbas et ego armannus eduensis archiiaconus precibus utriusque partis sigillorum nostrorum munimine presentem

467 2374 3414 214 paginam corroboravimus anno verbi incarnati millesimo centesimo quinquagesimo secundo
