3512 1600
97 302 3245 87 ego aymericus decanus molismensis omnibus notum facio presentibus et futuris quod cum fratres fontenetenses de dono et elemosina hugonis domini de nigellis

91 369 3203 125 haberent pasturas per totum finagium de nigellis in bosco et plano ad usum omnium animalium et peccorum suorum exceptis porcis et hoc excepto

58 454 3260 141 quod si boscus pastionem haberet que legitime ad pasnagium data esset et tunc a festo sancti remigii usque ad octavas purificationis

49 558 3269 135 dictorum fratrum animalia seu peccora boscum de nigellis non intrarent tandem hugo dominus de nigellis predicti hugonis nepos in procinctu

53 643 3280 158 vie jerosolimitane constitutus pro salute anime sue inpedimentum istud removere volens a domo fonteneti dedit et concessit predictis

52 742 3263 163 fratribus ut animalia ipsorum et peccora exceptis porcis tempore pastionis predictis pasturis per totum finagium de nigellis in bosco et plano libere

50 813 3274 173 et sine contradictione uterentur hoc totum laudavit margarita cum duobus filiis guillelmo et poncio hoc etiam laudavit aiglentina

67 931 2578 164 predicti hugonis uxor actum anno verbi incarnati millesimo ducentesimo decimo
