3024 2542
358 274 2251 241 ego odo dux burgundie notum fieri volo presentibus pariter et futuris

356 609 2280 146 quod cum monachi fonteneti et dominus hugo de tilyo compromisissent in nos

363 797 2286 159 de querelis quas habebant ad invicem super territorio et villa fraxini nos diligentius

326 972 2328 183 inquisita veritate ab illis quibus hoc commissum fuerat sub juramento

326 1164 2271 180 suo accepimus pro certo quod dimidia pars terre sancti martini ubicumque sit

302 1340 2388 195 juris erat ecclesie fonteneti aliam vero medietatem quam monachi suam esse dicebant

320 1523 2352 234 et hugo contradicebat propter discordiam in manu nostra retinuimus donec compositione

290 1697 2349 231 vel judicio cujus debeat esse terminemus et ut hoc ratum permaneat sigillo

311 1893 2085 236 nostro muniri precepimus anno verbi incarnati millesimo cc° iii°
