3280 3152
291 452 2700 178 ego gauterius dei gratia eduensis episcopus notum facio presentibus et futuris quod urricus dominus lucennaii in obitu

270 582 2748 228 suo dedit concessit et laudavit in elemosinam perpetuam domui et fratribus fonteneti sicut frater suus raimundus

273 739 2745 225 primitus dederat et concesserat pasturas territorii de lucennaio tam in bosco quam in plano sicut dividit

264 906 2726 217 chiminus qui ducit de castellione versus flaviniacum a parte tullionis usque ad ipsum chiminum hoc retento

264 1071 2717 226 quod si animalia eorum in pratis vel bladis dampnum aliquod intulerint ipsi dampnum illatum restituant sine

239 1228 2734 225 alia emendatione laudavit etiam metas quas idem raimundus posuerat inter finagium lucennaii et terram

252 1407 2703 210 fonteneti et querelam de finagio de puce unde fratres fonteneti injuste vexaverat sicut ipse recognovit eisdem fratribus

228 1579 2726 207 guerpivit dedit etiam eisdem fratribus prefatus urricus pro remedio anime sue terram de baisa hoc totum laudaverunt

233 1747 2685 201 agnes mater ejus et edelina uxor ejus horum omnium testes sunt haimo abbas flaviniaci henricus

245 1914 2650 207 abbas castellionis odo archipresbiter tullionis racius capellanus lucennaii pontius de frollesio willelmus dominus montis

243 2080 2709 203 sancti johannis buro de buxi oliverus de grinione milites robertus major de buxi et josbertus major lucennaii

231 2239 2673 194 quod totum ut ratum sit in posterum sigilli mei impressione munivi anno ab incarnatione domini m째

237 2366 308 96 c째 xc째 ix째
