5406 6376
188 414 4886 243 ego stephanus dei gratia eduensis episcopus notum facio presentibus et futuris de omnibus querelis que inter monachos fontenenses et calonem de lucennaco diu extiterant

182 675 4886 147 concordiam factam hoc modo post multos labores et multa gravamina que utrique hinc inde pertulerant tandem communi assensu super sex viros se posuerunt

192 861 4882 145 ex parte scilicet abbatis super guidonem priorem flaviniaci et super odonem priorem de sinemuro et super matheum monachum boni radii ex parte

182 1043 4872 139 calonis super racium capellanum lucennaci et super guiardum moreer et super fulconem de bennopera horum dicto compromiserunt se assensuros

182 1219 4874 151 abbas et sui per veritatem suam calo et hugo filius ejus uterque fide data in manu guiardi moreer prefati itaque sex viri diligentius auditis et inquisiti

182 1407 4802 137 s hinc inde querelis dicto suo quod eis commissum fuerat concorditer dixerunt ut fontenetenses in pasturis lucennaci quarum tres partes habebant

192 1598 4828 146 nichil quitum clamarent sed donum quod eis fecerat hugo de merlenniaco et theobaldus de grisinne semper tenerent ita tamen quod in easdem pasturas

186 1766 4814 140 propter pacem calonis habendam nonquam pecora sua mitterent nisi per eum aut per heredes ejus si vero pecora monachorum de loco ad locum transierint

178 1932 4798 144 et ineundo forte aliqua ex eis de via exierint si damnum aliquod in prato aut in segete fecerint tantummodo damnum restituant monachi si vero

198 2095 4812 139 damnum non fecerint libere et quite absque ulla contradictione transeant de terris vero et pratis et silvis territorii de estormer ubi calo usum et costumam se et

204 2273 4868 147 homines suos habere dicebat faciendi que vellent idem dictores dixerunt ut in eodem territorio nichil deinceps calo vel sui clamarent sed totum

204 2447 4820 139 quitum et liberum in pace monachis dimitterent excepto quod pecora lucennaci pasturis de estormer libere uterentur usque ad viam que de castellione

196 2619 4836 137 tendit flaviniacum per desuper villam de estormer et usque ad chiminum ante lucennacum absque damno pratorum aut segetum monachorum quod si damnum

194 2793 4822 137 factum fuerit ipsum tantummodo emendetur homines vero calonis in territorio de estormer amplius non exartabunt nec terras rumpent qui vero ibi jam exartaverunt aut terras

218 2981 4810 135 ruperunt si absque censu eas tenent tantum in vita sua eas tenebunt et post mortem suam heredibus eorum exclusis monachorum erunt qui vero in eodem territorio

208 3161 4806 147 ad censum aliquid habent tam ipsi quam heredes eorum quamdiu voluerint accensiam tenebunt omnes vero et qui cum censu et qui absque censu in eodem

206 3355 4800 139 territorio aliquid tenent in vita sua et ad mortem suam et accensias et quicquid ibi habent libere monachis si voluerint dabunt aut vendent nec eis

206 3541 4784 139 istud contradicere poterit calo vel heredes ipsius aut prohibere si vero de terris ipsius territorii aliqua forte discordia emerserit non nisi ante abbatem vel ubi jusserit

202 3733 4782 141 ipse causa illa tractabitur aut finietur his ita dictis de reliquo dixerunt prefati dictores ut fontenetenses omnia capitalia et damna que plurima

208 3957 4810 143 eis calo intulerat bono animo indulgerent calo vero fontenetensibus conversos quos eis calumniatus fuerat cum rebus suis et quicquid eis in alteris vallibus calumniabatur

226 4175 4766 98 eis acquitaret et dimitteret et pasturam de villa presbiteri que communis est pasturis aringiarum eis in perpetuum concederet atque omnes querelas

218 4361 4850 143 quas adversus eos usque tunc diu habuerat eis in pace guerpiret atque finiret excepta terra theobaldi de marmania quam ei concesserunt fontenetenses

216 4549 4832 139 hec omnia sicut compositores pacis dixerunt tam abbas quam calo et hugo filius ejus concorditer laudaverunt et graantaverunt hinc testes sunt idem ipsi compositores

218 4745 4840 141 pacis uxor quoque ipsius calonis hec laudavit unde testes sunt philippus et matheus monachi guiardus moreers et fulco de bennopera raimundus quoque

222 4921 4840 133 filius calonis hec omnia laudavit unde testes sunt frater petrus de schalo et frater giroldus conversi racius capellanus theobaldus famulus calonis robertus polenarius de

216 5113 4820 133 tullione proinde nos ad munimen horum omnium carte huic sigillum nostrum apponentes episcopali auctoritate interdicimus ne quis de his ulterius

222 5323 4758 131 gravamen aliquod aut vexationem ecclesie fonteneti inferat qui vero interdicto nostro contra ire presumpserit excommunicationi subjaceat

217 5467 4879 220 actum anno ab incarnatione domini millesimo centesimo octogesimo
