3964 2656
295 240 3316 211 ego odo dux burgundie notum facio presentibus et futuris quod matheus miles de laniis in presentia nostra

335 554 3294 119 constitutus profecturus peregre contra provinciales hereticos recognovit quod fratres fontenetenses habent a domino rogerio de

296 720 3255 126 curte rabodi terciam partem in omnibus nemoribus de laniis et de foresta et pasnagio et apibus et tractum in tercio anno et

305 894 3273 137 quod nullus participum dominorum potest aliquem conducere in predictis nemoribus preter suos proprios homines qui sunt estagii

305 1103 3285 151 in villa de laniis recognovit nichilominus idem miles quod dicti fratres fontenetenses habent suam justiciam sicut

327 1307 3239 115 sui cumparticipes in omnibus supradictis in cujus rei testimonium ad utriusque partis instantiam presenti carte sigilli

294 1520 3002 100 nostri apposuimus firmamentum actum est hoc anno gratie millesimo ducentesimo nono mense julio
