3024 3028
327 356 2331 149 ego hemricus dei gratia eduensis episcopus notum facio presentibus

271 558 2404 136 et futuris quod hugo de basseio apud eduam inter alia

318 748 2378 134 que diversis ecclesiispro anima sua largitus est ecclesie quoque

276 927 2414 134 fonteneti pratum unum quod sub grinnione inter grangiasest et

283 1086 2434 169 vernerre dedit hoc laudavit uxor ejus dannun et filius

291 1267 2397 173 ejus hugo et due sorores ejus falca de escaneto et juliana

293 1459 2412 164 de alneto filii quoque earum gaufridus de escaneto et hugo

270 1634 2357 170 de alneto cum patre suo hugone de blange hujus doni

264 1797 2417 198 testes sunt odo frater meus dux burgundie et petrus

260 1987 2421 178 de barro canonicus et nepotes ejusdem hugonis gaufridus

293 2158 2382 206 et hugo et altardus rabustellus de vergiaco
