3230 2312
188 388 2739 163 ego aymericus decanus molismensis omnibus notum facio presentibus et futuris quod robertus parvus miles

207 496 2759 175 de riceio laude et assensu sibille uxoris sue et filie ipsorum margarite donavit imperpetuam elemosinam

216 603 2756 185 ecclesie et fratribus fonteneti pro salute sua et antecessorum suorum quicquid juris habebat in pasturis longi boschi et jarceii

213 728 2768 179 viam etiam quarralem et liberam per eadem finagia a grangia sua de fontanis usque ad sansuerias bona fide

222 851 2750 158 concessit dedit preterea eide ecclesie fratribus duas partes de quodam boossum situm in prefato finagio de jarci et terram que

225 976 2756 163 pertinet ad eumdem boossum ad faciendum de eo pratum vel quod magis sibi utile visum fuerit retinuit tamen ex inde debitum

237 1105 2732 178 censum quem singulis annis reddent fontenetenses hec omnia prelibata sepedictus robertus pro posse suo bona fide garantire

225 1231 2741 187 promisit hujus rei testes sunt silvester presbiter oliverus miles de riceio et petrus escoraux de genniaco in

218 1371 2767 184 cujus rei testimonium presenti pagine sigillum meum apposui actum anno domini millesimo cc° xi° mense septembri
