2778 2756
213 272 2402 131 ego odo archipresbiter tullionis omnibus hanc scripturam legentibus notum facio quod robertus

186 387 2400 185 parvus de ricce et milo frater ejus et agnella uxor thome fratris eorum impigneraverunt pasturas

186 539 2405 175 jarce et de longo bosco pro decem libris fratribus fonteneti usque ad sex annos tali conditione

174 681 2393 189 quod unus sine alio etiam post finem annorum partem suam redimere non poterit nisi ex toto decem supradictas

174 833 2423 199 libras persolverit unde sunt fidejussores et testes robertus de crie et matheus de lania et

165 993 2427 203 ipse robertus parvus se constituit responsalem fidejussorem et testem ex parte milonis fratris sui

168 1136 2411 220 et prefate agnelle et quitavit universas querelas in presentia mea quas erga domum fonteneti habebat

186 1280 2418 217 et concessit predictis fratribus liberum transitum remota omni occasione et calumpnia a grangia sua

174 1425 2429 200 de fontanis usque ad domum suam de sansueriis presente roberto de crie et petro preposito de marcennai

186 1576 2387 189 et habuit propter hoc viginti solidos de beneficio ecclesie actum est autem hoc anno dominice incarnationis

183 1738 2375 157 millesimo c° nonagesimo septimo in quo ut ratum haberetur in posterum sigilli

173 1880 2403 186 mei presentem parginam munimine roboravi
