2682 3686
296 410 2101 126 ego matildis comitissa grinionis notum facio presentibus pariter et futuris quod oliverus

249 553 2147 180 de grinione calumpniam movit ecclesie fonteneti super nemore quod dicitur fumet cumque aliquandiu

222 715 2135 202 fontenetenses injuste propter hoc infestasset tandem in fratrem suum b monachum

204 883 2190 194 et o archipresbiterum tullionis compromisit ut rei hujus veritate diligenter et fideliter

188 1040 2211 192 inquisita querelam istam terminarent ipsi vero ad predictum nemus accesserunt et homines

188 1206 2235 197 antiquos nemoris vicinos et veritatis non ignaros convocantes rei veritate diligenter inquisita

185 1380 2244 218 et cognita dixerunt quod in predicto nemore nec predictus oliverus nec pater ipsius aliquid

150 1549 2246 229 juris aliquando habuissent et sic terminata fuit querela ista et pace perpetua consopita

137 1750 2278 211 hujus rei testes sunt h abbas bernardus de grinione hugo de quinciaco odo archipresbiter

150 1951 2288 208 tullionis pontius de frolleio petrus magister puteoli ricardus petrus trabo

146 2151 2331 184 conversi calerus de ethnay reinaudus de estalenta albertus de bili milo filius h aimonis

170 2337 2241 178 quod totum ut ratum habeatur in perpetuum sigilli mei impressione confirmavi anno

203 2542 1938 136 ab incarnatione domini millesimo centesimo nonagesimo sexto
