3208 4554
192 237 2673 154 ego stephanus dei gratia eduensis episcopus notum facio presentibus et futuris

190 412 2665 138 quod willelmus buro dedit et concessit in elemosinam ecclesie fonteneti et fratribus

179 615 2707 103 ejusdem loci pascua in finagio ville presbiteri quantum ad jus ipsius pertinebat laudavit

200 766 2701 108 etiam et concessit eisdem fratribus ut quocunque modo possent ab hominibus ipsius acquirerent

191 937 2719 72 terras quas ipsi habebant in territorio de estormer infra chiminum romanum

203 1074 2661 114 versus grangiam estormer sicut ipsum chiminum tendit usque ad chiminum pontis laveii

203 1230 2669 109 laudavit et eis hoc quod acquisierant de casamento ipsius ab andrea de

203 1368 2679 126 cortenge et quod acquisierant ab hominibus darcei juxta fontem de villenetis hec omnia

230 1516 2646 125 predictus willelmus laudavit et concessit et quod hec bona fide semper teneret atque servaret

227 1672 2614 122 in manu odonis archipresbiteri tullionis affidavit hoc totum laudavit

230 1818 2572 132 uxor ejus nigella et tres filii ejus henricus theobaudus et calo et filia ejus agnes

228 1966 2660 129 de his omnibus testes sunt oddo archipresbiter tullionis tecelinus capellanus frollesii

240 2115 2643 126 domin icus capellanus lucennaci petrus capellanus buxeii christianus arlaudus barnuinus

236 2259 2664 136 filius radulfi de frollesio hugo major darcei et theobaudus lucennaci

210 2372 2686 152 robertus major buxeii et folcuinus cognatus ipsius buro filius ejusdem willelmi qui tunc

225 2523 2646 155 non erat hec postea laudavit unde testes sunt idem willelmus pater ejus wiardus

245 2681 2659 165 de frollesio et hugo major darcei hec etiam laudavit pontius filius ejus unde testes

230 2887 2620 137 sunt petrus capellanus buxeii andreas de cortenge radulfus flandrensis

241 3017 2622 166 walterius alemannus robertus major buxeii et fulcoinus cognatus ejus nos igitur

240 3186 2643 157 hec omnia sigilli nostri impressione firmantes episcopali actoritate interdicimus

242 3333 2637 153 ne quis ulterius de his ecclesiam fonteneti vexare aut gravare presumat qui vero presunserit

245 3474 2641 160 donec resipiscat anathema sit actum anno ab incarnatione

238 3584 1390 180 domini mo co lxxo vio
