4172 2474
372 379 3344 165 ego henricus dei gratia eduensis episcopus tam futuris quam presentibus presentibus notum facio quod rogerus de sinemuro

357 570 3386 178 laudante pontia uxore sua concessit ecclesie台 fontenetensi in manu dilecti fratris nostri arnaudi abbatis

369 756 3381 175 totum integraliter casamentum quod richardus de curte rabodi ab ipso tenebat in finibus fraxini quod idem

362 943 3336 185 richardus ecclesie台 fontenetensi dederat retinuit autem idem rogerus tantummodo homines qui de eodem

369 1127 3288 184 casamento erant et habuit de beneficio ecclesie台 decem libras actum est hoc per manum andree

380 1314 3301 182 montis barri domini quem rogerus fidejussorem dedit ecclesie台 quod hoc donum firmiter servaret

365 1498 3369 178 testes hujus doni sunt andreas montis barri dominus symon de curtengi teobaldus prior fontenetensis

387 1679 3306 173 willelmus de scharleiis willelmus cellerarius hugo de curte rabodi monachi fontenetenses
