3106 4106
323 613 2523 111 ego odo dux burgundie notum facio presentibus et futuris quod dominus burus

284 803 2533 130 miles de buxeio ad extrema veniens dedit in perpetuam elemosinam ecclesie beate

272 996 2548 139 marie fonteneti pro salute anime sue et predecessorum suorum quicquid juris habebat in

279 1206 2547 135 pasturis tocius parrochie de buxeio in omnibus commodis ad omne genus animalium

291 1394 2504 158 et pecorum jamdicte ecclesie absque dampni illatione quod si forte factum fuerit

288 1620 2514 160 dampnum tantummodo restituetur sine alia emendatione et exactione hanc autem

291 1857 2448 150 elemosinam laudaverunt perpetuo et concesserunt uxor predicti militis nomine

284 2060 2568 170 nicholia et omnes liberi ipsorum willermus scilicet johannes naella margarita

278 2289 2530 153 presentibus his testibus hugone presbitero de buxeio henrico fratre supradicti

287 2510 2559 163 buri pontio de graanceio garnerio de blasi militibus roberto majore

282 2723 2520 160 de buseio que ut rata permaneant in perpetuum ne aliqua contradictio

297 2933 2525 190 oriri possit sigilli nostri impressione diligenter confirmare curavi actum anno

288 3149 2552 157 verbi incarnati millesimo ducentesimo tercio feliciter
