<?xml version="1.0" encoding="UTF-8"?>
<alto xmlns="http://www.loc.gov/standards/alto/ns-v4#"
      xmlns:xsi="http://www.w3.org/2001/XMLSchema-instance"
      xmlns:tei="http://www.tei-c.org/ns/1.0"
      xsi:schemaLocation="http://www.loc.gov/standards/alto/ns-v4# ../schema/alto.xsd">
   <Description>
      <MeasurementUnit>pixel</MeasurementUnit>
      <sourceImageInformation>
         <fileName>FRAD021_15_H_257_0006.tif</fileName>
      </sourceImageInformation>
   </Description>
   <Layout>
      <Page ID="zone-pb_Fontenay_66"
            PHYSICAL_IMG_NR="0"
            WIDTH="4764"
            HEIGHT="4888">
         <PrintSpace HPOS="0" VPOS="0" WIDTH="4764" HEIGHT="4888">
            <TextBlock HPOS="279"
                       VPOS="395"
                       WIDTH="4350"
                       HEIGHT="3753"
                       ID="zone-col_pb_Fontenay_66_1">
               <Shape>
                  <Polygon POINTS="279,395 4629,395 4629,4148 279,4148"/>
               </Shape>
               <TextLine ID="zone-line_pb_Fontenay_66_1_1"
                         BASELINE=""
                         HPOS="309"
                         VPOS="354"
                         WIDTH="4177"
                         HEIGHT="198">
                  <Shape>
                     <Polygon POINTS="309,354 4486,354 4486,552 309,552"/>
                  </Shape>
                  <String CONTENT="gauterius dei gratia eduensis episcopus universis fidelibus presentibus pariter et futuris in perpetuum universitati vestre notum facimus querelas diu extitisse inter"
                          HPOS="309"
                          VPOS="354"
                          WIDTH="4177"
                          HEIGHT="198"/>
               </TextLine>
               <TextLine ID="zone-line_pb_Fontenay_66_1_2"
                         BASELINE=""
                         HPOS="308"
                         VPOS="585"
                         WIDTH="4254"
                         HEIGHT="165">
                  <Shape>
                     <Polygon POINTS="308,585 4562,585 4562,750 308,750"/>
                  </Shape>
                  <String CONTENT="dilectos filios nostros fontenetenses et ungiacenses super nemoribus territoriis et finagiis suis tandem vero abbates et conventus utriusque domus assensu utriusque"
                          HPOS="308"
                          VPOS="585"
                          WIDTH="4254"
                          HEIGHT="165"/>
               </TextLine>
               <TextLine ID="zone-line_pb_Fontenay_66_1_3"
                         BASELINE=""
                         HPOS="284"
                         VPOS="735"
                         WIDTH="4210"
                         HEIGHT="163">
                  <Shape>
                     <Polygon POINTS="284,735 4494,735 4494,898 284,898"/>
                  </Shape>
                  <String CONTENT="capituli compromiserunt in nos salvis tamen cartis utriusque partis et antiquis metis nos vero habito prudentum virorum consilio acceptis etiam"
                          HPOS="284"
                          VPOS="735"
                          WIDTH="4210"
                          HEIGHT="163"/>
               </TextLine>
               <TextLine ID="zone-line_pb_Fontenay_66_1_4"
                         BASELINE=""
                         HPOS="296"
                         VPOS="901"
                         WIDTH="4230"
                         HEIGHT="149">
                  <Shape>
                     <Polygon POINTS="296,901 4526,901 4526,1050 296,1050"/>
                  </Shape>
                  <String CONTENT="obsidibus in manu nostra hinc inde quadringentarum marcharum argenti querelas illas decidimus in hunc modum de jueni diximus quod mete"
                          HPOS="296"
                          VPOS="901"
                          WIDTH="4230"
                          HEIGHT="149"/>
               </TextLine>
               <TextLine ID="zone-line_pb_Fontenay_66_1_5"
                         BASELINE=""
                         HPOS="290"
                         VPOS="1063"
                         WIDTH="4204"
                         HEIGHT="149">
                  <Shape>
                     <Polygon POINTS="290,1063 4494,1063 4494,1212 290,1212"/>
                  </Shape>
                  <String CONTENT="ille que ipsum et nemus quod dicitur fumez dividunt sicut continetur in carta aganonis flaviniacensis et willelmi fontenetensis abbatum immote remaneant"
                          HPOS="290"
                          VPOS="1063"
                          WIDTH="4204"
                          HEIGHT="149"/>
               </TextLine>
               <TextLine ID="zone-line_pb_Fontenay_66_1_6"
                         BASELINE=""
                         HPOS="298"
                         VPOS="1217"
                         WIDTH="4232"
                         HEIGHT="159">
                  <Shape>
                     <Polygon POINTS="298,1217 4530,1217 4530,1376 298,1376"/>
                  </Shape>
                  <String CONTENT="et intacte nemus vero ipsum jueni cum toto finagio ipsius tam in acquisitis quam acquirendis commune sit utrique domui et census"
                          HPOS="298"
                          VPOS="1217"
                          WIDTH="4232"
                          HEIGHT="159"/>
               </TextLine>
               <TextLine ID="zone-line_pb_Fontenay_66_1_7"
                         BASELINE=""
                         HPOS="280"
                         VPOS="1373"
                         WIDTH="4258"
                         HEIGHT="161">
                  <Shape>
                     <Polygon POINTS="280,1373 4538,1373 4538,1534 280,1534"/>
                  </Shape>
                  <String CONTENT="inde reddendi et fructus percipiendi idem dictum est de finagio de vilers hoc excepto quod domus fontenetensis in pace proprium possideat"
                          HPOS="280"
                          VPOS="1373"
                          WIDTH="4258"
                          HEIGHT="161"/>
               </TextLine>
               <TextLine ID="zone-line_pb_Fontenay_66_1_8"
                         BASELINE=""
                         HPOS="292"
                         VPOS="1553"
                         WIDTH="4206"
                         HEIGHT="157">
                  <Shape>
                     <Polygon POINTS="292,1553 4498,1553 4498,1710 292,1710"/>
                  </Shape>
                  <String CONTENT="quicquid ibidem prius sub annuo censu possidebat sicut per metas illic positas designatur idipsum dictum est de quodam prato quod scilicet"
                          HPOS="292"
                          VPOS="1553"
                          WIDTH="4206"
                          HEIGHT="157"/>
               </TextLine>
               <TextLine ID="zone-line_pb_Fontenay_66_1_9"
                         BASELINE=""
                         HPOS="298"
                         VPOS="1739"
                         WIDTH="4212"
                         HEIGHT="133">
                  <Shape>
                     <Polygon POINTS="298,1739 4510,1739 4510,1872 298,1872"/>
                  </Shape>
                  <String CONTENT="domus ungiacensis prius in eodem territorio proprium habebat si contigerit expensas fieri pro acquisitis vel acquirendis communiter"
                          HPOS="298"
                          VPOS="1739"
                          WIDTH="4212"
                          HEIGHT="133"/>
               </TextLine>
               <TextLine ID="zone-line_pb_Fontenay_66_1_10"
                         BASELINE=""
                         HPOS="292"
                         VPOS="1911"
                         WIDTH="4174"
                         HEIGHT="133">
                  <Shape>
                     <Polygon POINTS="292,1911 4466,1911 4466,2044 292,2044"/>
                  </Shape>
                  <String CONTENT="persolvantur ab utraque parte nos etiam et abbates predicti sub anathemate inhibuimus ne utralibet pars alteram in"
                          HPOS="292"
                          VPOS="1911"
                          WIDTH="4174"
                          HEIGHT="133"/>
               </TextLine>
               <TextLine ID="zone-line_pb_Fontenay_66_1_11"
                         BASELINE=""
                         HPOS="304"
                         VPOS="2081"
                         WIDTH="4166"
                         HEIGHT="127">
                  <Shape>
                     <Polygon POINTS="304,2081 4470,2081 4470,2208 304,2208"/>
                  </Shape>
                  <String CONTENT="acquisitis vel acquirendis in aliquo defraudet vel aggravet vel aggravari pro posse suo permittat utra vero pars voluerit"
                          HPOS="304"
                          VPOS="2081"
                          WIDTH="4166"
                          HEIGHT="127"/>
               </TextLine>
               <TextLine ID="zone-line_pb_Fontenay_66_1_12"
                         BASELINE=""
                         HPOS="308"
                         VPOS="2257"
                         WIDTH="4208"
                         HEIGHT="121">
                  <Shape>
                     <Polygon POINTS="308,2257 4516,2257 4516,2378 308,2378"/>
                  </Shape>
                  <String CONTENT="dictum territorium partiri libere partiatur et altera utramlibet partium sibi assumat hujus rei gratia fontenetenses centum"
                          HPOS="308"
                          VPOS="2257"
                          WIDTH="4208"
                          HEIGHT="121"/>
               </TextLine>
               <TextLine ID="zone-line_pb_Fontenay_66_1_13"
                         BASELINE=""
                         HPOS="304"
                         VPOS="2433"
                         WIDTH="4226"
                         HEIGHT="117">
                  <Shape>
                     <Polygon POINTS="304,2433 4530,2433 4530,2550 304,2550"/>
                  </Shape>
                  <String CONTENT="sexaginta libras proviniacensis monete ungiacensibus dederunt diximus etiam quod mete per comitem raimundum posite ab antiquo"
                          HPOS="304"
                          VPOS="2433"
                          WIDTH="4226"
                          HEIGHT="117"/>
               </TextLine>
               <TextLine ID="zone-line_pb_Fontenay_66_1_14"
                         BASELINE=""
                         HPOS="304"
                         VPOS="2617"
                         WIDTH="4268"
                         HEIGHT="117">
                  <Shape>
                     <Polygon POINTS="304,2617 4572,2617 4572,2734 304,2734"/>
                  </Shape>
                  <String CONTENT="immote maneant et intacte divisio concorditer facta a sex hominibus in presentia nostra ab eisdem metis per canale usque"
                          HPOS="304"
                          VPOS="2617"
                          WIDTH="4268"
                          HEIGHT="117"/>
               </TextLine>
               <TextLine ID="zone-line_pb_Fontenay_66_1_15"
                         BASELINE=""
                         HPOS="302"
                         VPOS="2781"
                         WIDTH="4246"
                         HEIGHT="119">
                  <Shape>
                     <Polygon POINTS="302,2781 4548,2781 4548,2900 302,2900"/>
                  </Shape>
                  <String CONTENT="ad cumbam hauberti et ab eadem cumba usque ad rivum qui dicitur rivencuns rata habeatur ita quod fontenetenses in pace possideant quicquid versus puteolum"
                          HPOS="302"
                          VPOS="2781"
                          WIDTH="4246"
                          HEIGHT="119"/>
               </TextLine>
               <TextLine ID="zone-line_pb_Fontenay_66_1_16"
                         BASELINE=""
                         HPOS="284"
                         VPOS="2955"
                         WIDTH="4246"
                         HEIGHT="119">
                  <Shape>
                     <Polygon POINTS="284,2955 4530,2955 4530,3074 284,3074"/>
                  </Shape>
                  <String CONTENT="habetur ungiacenses vero proprium possideant in pace quicquid ex alia parte continetur carta quam de eodem habebant fontenetenses a cumba hauberti"
                          HPOS="284"
                          VPOS="2955"
                          WIDTH="4246"
                          HEIGHT="119"/>
               </TextLine>
               <TextLine ID="zone-line_pb_Fontenay_66_1_17"
                         BASELINE=""
                         HPOS="298"
                         VPOS="3135"
                         WIDTH="4296"
                         HEIGHT="133">
                  <Shape>
                     <Polygon POINTS="298,3135 4594,3135 4594,3268 298,3268"/>
                  </Shape>
                  <String CONTENT="versus estalentam quantum ad ungiacenses penitus irritatur de nemore de fromais et territorio dictum est quod carte inde facte teneantur de territoriis"
                          HPOS="298"
                          VPOS="3135"
                          WIDTH="4296"
                          HEIGHT="133"/>
               </TextLine>
               <TextLine ID="zone-line_pb_Fontenay_66_1_18"
                         BASELINE=""
                         HPOS="300"
                         VPOS="3307"
                         WIDTH="4238"
                         HEIGHT="137">
                  <Shape>
                     <Polygon POINTS="300,3307 4538,3307 4538,3444 300,3444"/>
                  </Shape>
                  <String CONTENT="destormer et de bretoneria diximus quod per affines et legitimos terminatores controversia si emerserit sopiatur et si inde dissenserint per"
                          HPOS="300"
                          VPOS="3307"
                          WIDTH="4238"
                          HEIGHT="137"/>
               </TextLine>
               <TextLine ID="zone-line_pb_Fontenay_66_1_19"
                         BASELINE=""
                         HPOS="292"
                         VPOS="3489"
                         WIDTH="4270"
                         HEIGHT="133">
                  <Shape>
                     <Polygon POINTS="292,3489 4562,3489 4562,3622 292,3622"/>
                  </Shape>
                  <String CONTENT="episcopum eduensem decidatur hujus rei testes sunt haymo archidiaconus flaviniacensis odo archipresbiter tullionis tecelinus frollesii et petrus sinemuri archipresbiteri"
                          HPOS="292"
                          VPOS="3489"
                          WIDTH="4270"
                          HEIGHT="133"/>
               </TextLine>
               <TextLine ID="zone-line_pb_Fontenay_66_1_20"
                         BASELINE=""
                         HPOS="270"
                         VPOS="3661"
                         WIDTH="4272"
                         HEIGHT="131">
                  <Shape>
                     <Polygon POINTS="270,3661 4542,3661 4542,3792 270,3792"/>
                  </Shape>
                  <String CONTENT="willelmus decanus castellionis bernardus de grinione hugo de turre monachi fontenetenses amelinus et albericus canonici ungiacenses bernardus"
                          HPOS="270"
                          VPOS="3661"
                          WIDTH="4272"
                          HEIGHT="131"/>
               </TextLine>
               <TextLine ID="zone-line_pb_Fontenay_66_1_21"
                         BASELINE=""
                         HPOS="292"
                         VPOS="3837"
                         WIDTH="4312"
                         HEIGHT="131">
                  <Shape>
                     <Polygon POINTS="292,3837 4604,3837 4604,3968 292,3968"/>
                  </Shape>
                  <String CONTENT="de monte barri oliverius de grinione pontius de chaci renerius martruz milites ut autem hoc in posterum ratum habeatur et inconcussum"
                          HPOS="292"
                          VPOS="3837"
                          WIDTH="4312"
                          HEIGHT="131"/>
               </TextLine>
               <TextLine ID="zone-line_pb_Fontenay_66_1_22"
                         BASELINE=""
                         HPOS="284"
                         VPOS="4005"
                         WIDTH="4312"
                         HEIGHT="147">
                  <Shape>
                     <Polygon POINTS="284,4005 4596,4005 4596,4152 284,4152"/>
                  </Shape>
                  <String CONTENT="nos et predicti abbates presenti cartule sigilla nostra apponi fecimus actum anno incarnationis dominice m° c° nonagesimo octavo"
                          HPOS="284"
                          VPOS="4005"
                          WIDTH="4312"
                          HEIGHT="147"/>
               </TextLine>
            </TextBlock>
         </PrintSpace>
      </Page>
   </Layout>
</alto>
