4104 2802
335 260 3588 217 ego gauterius dei gratia eduensis episcopus universis notum facio presentem paginam inspecturis quod renardus dominus

329 492 3564 124 de curcellis donavit in perpetuam elemosinam ecclesie et fratribus fonteneti pro remedio anime sue et suorum quicquid

336 632 3530 135 juris habebat in prato hervini de cucellis justa grangiam de flace et quicquid acquirere poterunt in eodem prato

333 791 3498 124 et quicquid habebat in prato quod est inter aquam et chiminum et in terra bernardi cognomento miserelle et omnes alias

326 939 3535 128 querelas quas habebat vel habuerat de omnibus rebus adversus dictam ecclesiam fonteneti et omnia de quibus investita

339 1086 3524 163 erat tunc temporis memorata superius ecclesia fonteneti fide bona quitavit et in pace dimisit quod totum

342 1269 3530 153 laudavit uxor sua agnes et filii eorum renaudus gauterius stephanus petrus hugo et willelmus et filie eorum

336 1437 3468 159 maria et agnes et ut hec omnia majorem habeant firmitatem ad peticionem ipsius renardi presens

360 1605 3497 179 scriptum sigillo meo roboravi actum anno gratie millesimo ducentesimo duodecimo mense februario
