2850 3764
185 229 2377 190 ego odo archipresbiter tullionensis notum facio tam futuris quam presentibus querelam fuisse inter monachos

216 490 2376 114 fontenetenses et theobaldum barard et johannem grosvilein super nemore quod dicitur fumeth cumque

215 687 2334 126 propter hanc querelam sedandam ante boinum prepositum castellionis ex precepto domini ducis pars utraque

221 871 2302 143 convenisset idem boinus et cum ipso prudentes viri et juris periti judicio dictante dixerunt quod si

222 1078 2331 138 predicti monachi duos testes idoneos haberent qui pro ipsis super sacrosanctas reliquias jurarent quod ecclesia

228 1284 2304 144 fontenetensis absque juris contradictione prefatum nemus us xxx ta ii annos tenuisset in pace perpetua illud

215 1489 2311 122 deinceps possidere deberet quod et factum est simon et thecelinus de esna testes idonei et

225 1695 2339 111 fideles hoc juraverunt et ita terminata est querela illa et monachi in possessione nemoris

233 1897 2307 111 illius quieta remanserunt hujus rei testes sunt johannes abbas quinciaci girardus sibodus petrus

216 2103 2330 112 monachi quinciaci bernardus de verdenai racius de lucenai odebertus de maisi presbiteri

205 2302 2363 119 simon de bricun stephanus villanus urricus de lucenai hereveius de fontanis johannes

234 2517 2381 124 de seneveio willelmus de rici fulco prepositus de esna robertus de bisseo josbertus de lucenai

267 2728 2336 141 quod totum ut ratum habeatur in posterum sigilli mei impressione confirmavi anno ab incarnatione

224 2974 493 122 domini m° c° xcvi°
