3060 1940
231 337 2588 151 ego gauterius dei gracia eduensis episcopus universis notum facio presentibus et futuris

224 451 2532 144 quod laurentius presbiter de lucenniaco et nepotes ejus robertus clericus et constantius

228 569 2564 150 et elisabez uxor constancii dederunt et concesserunt in perpetuam elemosinam pro salute animarum

305 689 2509 139 suarum ecclesie beate marie de fonteneto quicquid habebant in terris et pratis in toto

288 807 2510 144 finagio verdoniaci hujus rei testes sunt hugo presbiter robertus major de buxeio

299 948 2434 116 radulfus filius alberici de luceniaco bernardus magister de estormer walterius

296 1077 2445 122 magister de moros frater hugo de fraxino et frater adam conversi de fonteneto

297 1205 2457 101 et ut hoc ratum sit presentem cartulam sigillo meo roboravi anno verbi

318 1319 1595 124 incarnati millesimo ducentesimo sexto
