5904 4824
309 283 5267 193 mens lumine pacis privata et suę nubilo perturbationis obscura ab illo sit aliena

267 539 5351 253 qui deus pacis est non rixarum et prole spirituali redditur infecunda hinc est ira viri justiciam dei non operatur et

252 915 5380 166 paulus servum dei non oportet litigare in moralibuspropter iram amittuntur multa bona unde ego humbertus edworum

266 1139 5360 224 episcopus licet indignus damna prospitiens que solent contingere mentibus iratis cavenda litem que erat inter fratres fontenetensis

304 1398 5223 243 et ongiacensis ecclesię diligenter sedare studui sedatem obnixe observari precepi erat enim lis de quibusdam silvis

304 1658 5309 287 territoriis metisque ponendis que decisa est hoc modo dictum est de silva que dicitur hileranni quod sicut divisa est testimonio

308 1971 5342 266 trium virorum silicet dudonis de ascalo et roberti de melizun et hugonis fratris ejus qui eam a territorio puteoli sacrosanctis reliquiis tactis

298 2188 5297 305 per certas metas videlicet a rivenzun per cumbam torteren sursum versus usque ad caput ejusdem cumbe et inde per transversum usque adtramitem

310 2389 5301 288 qui de duismo antiquitus tendebat puteolum terminaveverunt ongiacenses clerici teneant et in pace possideant item diffinitum

324 2604 5321 263 de faiso sanctę reginę per metasprenominatas sicut dividitur usque adtramitem et ut trames tenditur usque ad cumbam tortefagi et inde

318 2817 5337 266 sursum versus quantum ipsa procedit ut fontenetenses habeant et libere possideant sancitum est iterum quod a divisione quam fecerunt

344 3042 5271 247 homines de stalenta jurejurando pro ongiacensibus per loca determinata scilicet per castrum gre recte usque ad cumbam tortefagi ab

352 3237 5278 256 ista inquam divisione usque ad aliam divisionem quam fecerunt dato sacramento tres predicti viri dudo robertus hugo scilicet

360 3527 5178 212 a cumba pevin per cumbam corbun recte usque ad cumbam tortefagi ongiacenses duas partes habeant et monachi terciam

368 3755 5182 178 nec pretereundum est quod si ongiacenses greges suos vel armenta seu aliqua pecora per faisum sancte reginę ad desertum casseneti

1110 3983 4546 150 ducere voluerint per tramites et semitas ibidem sitas liberum transitum habeant novas quidem non faciant tandem dilectissimi

982 4169 4702 141 vos monemus et monentesprecamur ut hanc pacem custodiatis vos tales invicem exibeatis ne pro terra litigando deum vestrum offendatis

960 4326 4116 146 sed caritatis vinculo sic sitis conexi ut leo qui rugit querens quem devoret vos separare non possit
