3284 3118
377 389 2471 323 ego willelmus de castellione decanus notum facio tam futuris quam presentibus

345 767 2471 136 quod henricus de laniis dedit ecclesie et fratribus fonteneti pro remedio anime sue et antecessorum

357 932 2489 138 suorum in perpetuam elemosinam quatuor jornalia terre ante molendinum novum

366 1079 2472 145 fonteneti sub laniis et viam per campum suum per quam itur ad molendinum

366 1244 2481 132 et quartam partem de brodiis dedit etiam eis medietatem prati quam habebat apud

347 1408 2518 121 sanevetum hoc totum laudavit aubors uxor sua et filii ejus girodus et radulfus

347 1585 2482 101 et filia ejus adelina et petrus nepos ejus et fratres ejus nariodus et willelmus hujus

356 1739 2500 103 rei testes sunt hunbertus farsit costelet et baudricus et girardus broez de monte

363 1897 2448 113 barro et ut hoc totum firmum et ratum maneat in posterum presens

354 2067 2538 122 scriptum sigilli mei inpressione munivi actum est hoc ab incarnatione

347 2211 2340 114 domini anno millesimo ducentesimo viii°
