4528 2428
138 163 4215 229 ego stephanus dei gratia eduensis episcopus notum fieri volo presentibus et futuris quod hugo de monte

135 354 4169 196 et fratres ipsius johannes et walterius dederunt in elemosinam fratribus et ecclesie fonteneti in perpetuum quicquid

140 496 4126 188 juris habebant a chimino romano versus grangiam de estormer tam in bosco quam in

158 655 4197 180 plano unde eis debent predicti fratres fonteneti vii solidos annui census sub hac conditione

153 744 4206 249 quod nulli alii donum vel elemosinam aut mercatum inde facere poterunt nisi ecclesie fonteneti

177 951 4091 166 quod si quilibet eorum vita decesserit aut ad conversionem venerit pars ipsius quam habebat

176 1101 4107 180 de illo censu prefate ecclesie remanebit et ideo concessum est eis ab eisdem fratribus

158 1251 4122 174 fonteneti quod quandocumque ad conversionem venire voluerint recipientur ab eis nisi forte quod absit

173 1391 4152 171 in aliquo eorum lepra apparuerit horum testis sum ego testes etiam sunt walcherius abbas

182 1543 4083 170 flaviniaci et hugo supprior bernardus abbas fonteneti odo archipresbiter tullionis que

161 1704 4155 159 ut in perpetuum rata permaneant sigilli nostri impressione munimus anno domini m° c° lxx v°
