3410 3156
401 421 2499 81 ego henricus dei gratia eduorum episcopus commendo memorię posterorum

374 566 2515 142 quod domina gertrudis quondam uxor rocelini de fontanis cum vidua esset pro salute

362 742 2574 155 animę suę et mariti sui roscelini et filii sui oddonis concessit in elemosinam

368 926 2532 154 fontenetensi ecclesię in finagio fontanarum libera usuaria ad omnia animalia

372 1106 2606 162 quod si damna fecerint fratres vel animalia damnorum precia sine aliqua

353 1288 2604 172 emendatione restituent hujus doni testes sunt oddo filius ejus qui

362 1469 2580 177 pro anima sua et patris sui laudavit hoc donum willelmus de duimis de

362 1655 2610 184 cujus casamento erat habuit autem predicta domina gertrudis de

353 1837 2637 196 ecclesię et filius ejus oddo quadrigatam frumenti et ipsum quadrigarium

386 2015 2580 211 equum et monachi participes eos fecerunt beneficiorum suorum

359 2204 2610 204 ut autem hec donatio pasturę firma sit in perpetuum sigilli

363 2453 1651 145 mei impressione firmari feci
