3892 4780
270 254 3336 240 ego gauterus dei gratia lingonensis episcopus notum facio futuris et presentibus quod odo de

267 400 3392 290 marmania filius bartholomei castellionis guerpivit in manu mea omnem querelam quam moverat

293 580 3387 295 adversus ecclesiam fonteneti de elemosina haimonis avunculi sui et laudavit donum ejusdem

305 770 3397 286 avunculi sui quod ęcclesię fontenetensi fecerat omnem scilicet partem suam de alodio marmanie ubicumque

314 956 3330 270 esset et de foresta fraiteti et quicquid habebant ipse et gaufridus frater ejus et bartholomeus pater

305 1147 3300 277 odonis et elisabeth mater ejus in villa sanhiaci et circa sanhiacum undique et citra et ultra aquam exceptis

317 1342 3346 272 capitibus hominum et censibus mansorum et excepto eo quod homines eorum legitime probare possent esse de

318 1571 3336 214 alodio suo aut de capitibus suis unde nullam custumiam solverent quod tamen concessit si possent hoc ab

323 1746 3390 149 hominibus acquirere monachi et quia aliqua pars hujus terrę de chasamento flaviniacensis ęcclesię erat constitutum

323 1894 3369 202 est ut pro ea parte singulis annis fontenetenses xii c im nummos proviniensis monetę predictis bartholomeo

314 2083 3345 199 et gaufrido et eorum heredibus post eos persolverent ad festum sancti remigii hoc totum laudaverunt

323 2285 3379 187 jam prefati gaufridus et bartholomeus qui dono presentes aderant alia vice cum predictus bartholomeus pro terris hominum

371 2486 3280 178 quas monachi acquirebant calumniam moveret tandem aliquando se id laudasse recognovit et iterum laudavit

323 2672 3301 163 et quod prius non concesserat concessit scilicet quod si flaviniacenses censum sasirent numquam ad fontenetenses

329 2879 3313 151 inde se verteret nec ab eis censum exigeret et in pace eos inde dimitteret donec a flaviniacensibus recuperaret

357 3079 3222 154 hoc se tenere et heredes suos in perpetuum sancivit pro his omnibus habuit de beneficio ecclesie xlta solidos

344 3277 3286 154 hec omnia supradictus odo in presentia mea concessit et laudavit insuper et pratum quod a johanne cementario acquisierant

336 3460 3306 155 monachi sic tamen ut pro eodem prato singulis annis censum ejus matri et heredibus ipsius post eam persolverent

324 3652 3291 161 et hec omnia laudaverunt fratres odonis achardus et willelmus et gaufridus eorum avunculus hujus rei testes sunt

323 3862 3187 140 achardus patruus ipsius odonis hugo decanus de chalma belinus capellanus meus jocelinus clericus

374 4052 3150 153 m eus hugo de asenvilla mainardus de chalma
