3758 3396
350 317 3128 324 ego gauterius dei gratia eduensis episcopus omnibus notum facimus presentibus et futuris quod josbertus miles

342 682 3135 185 de masi et hodierna uxor sua de cujus capite erat dederunt pro salute sua et pro animabus antecessorum

360 851 3098 259 suorum ecclesie et fratribus fontenetensibus quatuor sextarios frumenti et quatuor avene et x solidos censuales

374 1084 3088 238 quod totum dicti fratres debebant eis de censu annuatim in grangia sua de estormer

375 1295 3012 243 addiderunt etiam idem josbertus et hodierna uxor sua duas partes pasturarum de

381 1543 3027 194 finagio sancti georgii et de monte arlaut que sui juris erant ad usum omnium animalium

360 1769 3038 192 et peccorum suorum hanc autem elemosinam laudavit filius eorum willelmus et ex sua parte

362 2023 3043 145 quantum ad se pertinuit fecit et ut hoc ratum habeatur in posterum sigilli nostri munimine

360 2222 2703 189 corroboravimus actum anno verbi incarnati millesimo cc° nono
