4552 2878
336 307 3837 283 ego henricus dei gratia eduensis episcopus tam futuris quam presentibus notum facio quod hugo de merligniaco

334 586 3800 180 pro anima sua et uxoris sueę concessit monachis fontenetensibus laudantibus filiis suis omnes aasentias terrę suę

326 803 3865 138 in potestate lucennaci et quicquid acquirere poterunt de casamentis suis et si damna facerent animalia eorum

322 935 3871 190 sine aliqua emendatione restituerent salvo tantummodo capitali testes sunt teobaldus de grisigni hugo maltalanz

347 1160 3769 147 de monte regali josbertus major ejusdem hugonis hugo quoque junior de merlegniaco filius

363 1326 3779 180 predicti hugonis donum patris sui calumniatus est tempore domni arnaudi abbatis fontenetensis et coram fratre

330 1519 3809 187 meo oddone duce burgundię et anserico de monte regali habuit de beneficio ęcclesię decem libras et donum

342 1742 3834 157 patris sui cum omni integritate concessit apud monasterium sancti johannis facta est pax ista presente aimone

327 1965 2177 144 divionense et teobaldo et gilleberto de grisignei
