3466 3608
429 422 2546 166 ego henricus dei gratia eduensis episcopus tam futuris quam presentibus notum

413 608 2604 153 facio quod robertus de asiaco impigneravit pro centum solidis ecclesię fontenetensi

417 782 2547 144 in manu arnaudi abbatis pasturam terrarum suarum de janhiaco et

429 962 2525 157 lania ad omnia animalia fratrum et pastionem ad porcos adjecit

429 1137 2534 162 autem hanc conditionem ut si mori eum contigerit sine herede de muliere

413 1317 2607 172 legitima priusquam redemerit conventio pigneris in donationem

434 1499 2571 167 vertatur elemosinę pro anima ipsius nulla de cetero cuiquam remanente

435 1679 2571 169 licentia redimendi affidavit autem idem robertus in manu

443 1863 2568 174 pagani filii hugonis de lania hoc se fideliter observaturum hujus

432 2048 2600 166 rei testes sunt hugo de lania paganus quoque filius ejus silvester

444 2246 2426 161 etiam filius majoris et willelmus de fraxino monachus fontenetensis
