2246 2266
209 342 1677 111 ego odo archipresbiter tullionis notum facio tam futuris quam presentibus quod

195 476 1758 105 henricus de chastellione et uxor sua ermengard dederunt et concesserunt ecclesie

206 599 1710 120 fonteneti in elemosinam perpetuam totam terram quam ipsa ermengard accepit

197 730 1710 124 in dotem a primo marito suo adam in finagio de plaanai et debitam

189 852 1689 123 guarantiam inde promiserunt et propter hoc habuerunt de beneficio ecclesie

176 975 1728 117 ccc solidos hujus rei testes sunt bernardus de grinione et hugo de turre

192 1089 1713 125 monachi testes etiam et fidejussores sunt stephanus villanus boinus prepositus

183 1210 1715 127 castellionis petrus prepositus de mercennai quod totum ut ratum sit

185 1329 1752 128 in posterum sigilli mei impressione confirmavi anno ab incarnatione

177 1449 1082 118 domini m° centesimo nonagesimo septimo
