4620 3870
271 266 4064 195 ego stephanus dei gratia eduensis episcopus notum facio presentibus et futuris quod gislebertus faber de

282 545 4077 161 marmania laudavit et concessit elemosinam quam hugo de fraxino pater ipsius fecerat ecclesie

273 756 3953 150 fonteneti de terris suis ubicunque sint seu in pratis seu in vineis sive in agris propter hoc

267 972 3995 142 fontenetenses promiserunt ei si ad conversionem venire voluerit quod ab eis recipietur et si morte

255 1170 4082 175 eum preveniri contigerit tantum pro eo facient quantum pro uno fratrum suorum et si forte in terra

254 1392 4003 186 eorum guerra acciderit fontenetenses res illius bona fide servabunt ad tempus ita tamen quod si forte

249 1610 4025 187 per violentiam illis ablate fuerint aut surrepte per furtum fontenetenses nichil ei inde respondebunt

254 1811 4000 202 hoc laudaverunt amelina uxor ejusdem gisleberti et maria soror ejus hugo filius ejusdem

236 2028 4050 202 marie et filia ipsius amelina unde testes sunt oddo decanus montis barri dodo capellanus

258 2246 4088 200 marmanie et aubertus frater ejus hec igitur ut in perpetuum rata perdurent sigilli nostri appensione munimus

243 2448 4112 204 et ne quis fontenetenses in posterum molestare presumat sub anathemate interdicimus

237 2661 1626 169 aut gravamen aliquod de his inferre
