2300 2764
197 311 1741 108 ego frater fastradus cistercii vocatus abbas notum facio presentibus

200 484 1723 57 et futuris quod cum inter quinciacenses et fontenetenses fontenenenses controversia

212 588 1665 86 orta esset super quibusdam pascuisterritorii videlicet nigelle

204 684 1715 113 convocatis utrisque et ad utrorumque peticionem electis judicibus abbatibbus

216 812 1692 126 scilicet willelmo de firmitate et leodegario de curia dei et petro de

198 934 1701 127 caritate et domno lamberto qui ante nos cistercii abbas fuerat quique

213 1045 1715 130 vicem abbatis morimundi tenebat qui etiam electus judex vocatus

225 1163 1680 137 erat auditis utrorumque rationibus multorum presentium attestatione

219 1273 1641 147 cognitum est quod in capitulo cistercii jamdudum id ipsum determinatum

222 1414 1692 136 fuerat ea scilicet ratione ut neutra pars adversus alteram ultra vallem

224 1549 1705 120 nigelle pecora sua ad pastum duceret excepto quod quinciacenses

227 1685 1761 120 ad carricanda fena boves suos ducerent et pascerent et porcos

228 1804 1767 114 ad pastionem glandium proinde judicatum est et preceptum ut neutra

221 1924 1792 121 pars terminos predictos transgrediatur quod ne ulla occasione mutetur

231 2074 938 106 sigilli nostri impressione munimus
