3622 3702
300 266 3032 114 ego stephanus dei gratia eduensis episcopus notum facio presentibus et futuris quod oliverius

264 422 3111 109 filius brutini laudavit et concessit ęcclesię fonteneti et fratribus ejusdem loci quicquid habebant

272 568 3066 115 a patre suo vineam scilicet quę est juxta vineam flaciaci et terram quę est

276 716 3060 117 juxta eandem vineam in qua fuit vinea roberti salinarii pro qua terra dabunt predicti

266 868 3109 113 fratres eidem oliverio duos denarios census semper in marcio scambivit

273 1022 3072 117 quoque idem oliverius predictis fratribus campum de scalis et terram quam habebat

252 1169 3123 118 subtus vineam johannis filii odonis lemanni ad oschiam quam habebant monachi

248 1313 3139 124 retro sanniacum et ad duo jornalia dedit etiam eisdem fratribus totam terram

251 1478 3073 124 quam habebat apud marmaniam exceptis mansis arbergatis et tenementis

260 1625 3120 112 eorundem mansorum quę habebant tempore patris sui hęc omnia

258 1768 3128 118 bona fide dedit et concessit oliverius predicte ęcclesię fratribus juramento confirmans

261 1925 3107 109 quod de his omnibus eisdem fratribus legitimam garentiam portaret si quis calumniator

263 2075 3094 111 existeret et de his responsores dedit widonem de venerri rainerium

254 2228 3160 111 de frollesio rainerium de sancta columba godefridum jenniaci qui etiam

260 2378 3114 106 testes sunt horum ut autem hęc rata firmaque maneant in posterum sigilli

270 2530 2477 103 nostri munimine cartam presentem roborari precepimus
