4330 5796
225 372 3744 447 in nomine patris et filii et spiritus sancti amen

165 821 3703 233 ego galterius dei gratia lingonensis episcopus tam presentibus quam futuris notifico

334 998 3718 188 andream filium andree montis barri domini in presentia nostri recognovisse dona et concessiones

180 1174 3816 180 que pater suus et predecessores sui in elemosinam abbatie fonteneti contulerant sunt autem hec

200 1347 3804 181 tota videlicet pars illa nemoris seestri que est ad sinistram vie que a planis ejusdem nemoris

156 1529 3844 173 naellam tendit sicut lapidee mete inibi posite designant divisio quoque terrarum inter fontanas et seestrum sicut

170 1699 3850 185 facta jamdudum fuerat in presentia comitisse amite ejusdem andree patris ejus ubi et lapidee mete posite sunt

155 1877 3869 185 quicquid etiam proprii habebat jamdictus andreas intra fines plaaneti nominatimque tuschia concessit adquirendum

174 2094 3840 116 sive elemosina sive pecunia ab hominibus ad se pertinentibus qui aliquid juris ibidem habebant quicquid possent

168 2275 3892 139 fontenetenses concessit nichilominus ipsis quicquid habebant ab oberto de til quod ad se pertinebat seu pertinere

164 2427 3890 177 poterat concessit etiam eisdem quicquid de casamentis habebant suis et quicquid adquirere possent sive elemosina sive

126 2601 3894 195 pecunia simul et totius terre sue omnes aasentias tam in nemore quam in plano et ut aliqua de eis nominentur

154 2779 3880 191 nemus ad edificandum ad ardendum ad pastionem porcorum ceterorumque animalium pascuam excepto quod nemus jaliaci

154 2947 3904 203 non poterunt essartare ad agricolandum ceteros vero usus inibi habebunt in terris quoque agriculturam et omnibus animalibus

140 3131 3892 201 pascuam in aquis etiam piscaturam preter forestam que est inter molendinum pepini et molendinum

122 3313 3892 201 sancti johannis postremo quicquid proavus suus rainardus et avus suus bernardus et pater suus

120 3487 3918 195 andreas predicte fontenetensium abbatie dederant et concesserant sicut in cartis eorum continebatur et ipse

132 3671 3890 199 similiter andreas concessit hujus laudis sive concessionis testes sunt odo archipresbiter tullionis bernardus

114 3849 3888 201 nariordi willelmus curbille robertus filius guidonis regis theobaldus filius prepositi hugo de

136 4013 3866 209 curte raboldi hugo magister fontanarum garinus magister plaaneti frater bernardus de salvese

138 4199 3872 207 hec igitur omnia confirmantes et proprii sigilli impressione communientes dei et nostra auctoritate interdicimus

112 4377 3958 213 ne quis super his aliquam fontenetensibus injuriam inferre presumat quod si quis presumpserit

124 4567 3462 195 anathematis gladio eum percellimus donec eisdem ipsis congrue satisfaciat
