3024 4330
315 330 2327 191 ego gauterius dei gratia eduensis episcopus presentibus pariter et futuris

330 547 2303 168 notum fieri volo quod haymo miles de orgeol dedit in perpetuam

318 712 2298 162 elemosinam ecclesie fonteneti duos sextarios bladi unum

317 892 2347 182 frumenti et alium tremesii quos fontenetensibus reddet quicumque

320 1087 2311 168 decimas de estalenta receperit dedit etiam et concessit fratribus ejusdem

312 1315 2322 164 ecclesie liberam potestatem piscandi in stagno de estalenta

297 1528 2342 153 una die et una nocte semel in anno quocumque tempore ipsi voluerint

312 1738 2334 161 hujus rei testes sunt bernardus abbas fonteneti willelmus prior hubertus

302 1942 2286 152 quondam abbas andreas de buxi monachi fonteneti odo archipresbiter

305 2152 2278 143 tullionis henricus miles de buxi hanc autem donationem et elemosinam

312 2344 2285 167 laudavit damerons uxor sua et willelmus predicti haymonis

264 2566 2349 182 frater qui pro hoc habuit de beneficio ecclesie x solidos de quorum laude

321 2764 2262 207 testes sunt tecelinus archipresbiter de frolois bernardus magister

323 2994 2290 192 de estormer odo filiaster predicti haymonis reinaudus lecherii

286 3207 2287 192 ut igitur hoc ratum habeatur in posterum presentem cartam sigili mei

288 3396 2322 202 appenssione roborare precepi anno verbi incarnati m째 c째 xc째 ix째
