4220 2774
386 389 3438 248 ego henricus dei gratia eduensis episcopus tam futuris quam presentibus notum facio quod umbertus

392 664 3423 174 rivellus de tilio maritusdominę dannun filie hugonis de curte rabodi guerpivit ecclesię fontenetensi

384 858 3441 173 in manu abbatis arnaudi calumniam quam moverat super pastura de monasteriolo habuerunt enim

398 1053 3445 178 monachi testimonium legitimorum hominum quod eadem pastura de monasteriolo pasturę de aringiis

393 1240 3509 185 et pasturę de villa presbiteri et pasture de sanhiaco communis erat et quod omnes simul pasturę

389 1437 3412 173 istę communes erant milo enim major de buxi et alter milo filius fulcuini et martinus

401 1634 3418 170 filius ansuini communitatem pasturarum de predictis villis juraverunt et tunc predictus umbertus

404 1826 3411 168 de tilio perdidit causam suam apud marmaniam factum est hoc sub his testibus teobaldo de

419 2019 3450 169 grisigni gilleberto filio ejus willelmo cellerario fontenetensi waltero rivallo patre umberti hugone monacho de curte rabodi
