7034 2726
554 376 5982 168 ego godefridus dei gratia presul lingonensis tam posteris quam modernis notifico quod milo de molismis gothefridi filius concessit monachis fontenetensibus

510 574 6026 170 aasentias silve que pratee dicitur in finibus fontanarum in omnes eorum usus excepto quod ab initio aprilis usque ad finem augusti observabunt ne pecora

526 772 6050 168 sua fęna secanda devastent actum monte barri publice in manu arnaudi abbatis et per andree montis barri domini manum de cujus casamento locus prenominatusest

532 966 5928 162 affuerunt autem ut ex multis testibus aliquos proferamus symon de curtengi robertus de sancta columba uxor quoque ipsius milonis filiusque gothefridus quę

524 1156 6014 170 ab eo determinata fuerant laudaverunt unde sunt testes gothefridus de janiaco et privignus ejus gaufridus willelmus ruffus albericus de niceto anseycus de

504 1348 6064 176 villa dei henricus fontenetenses vero concesserunt illi et antecessoribus ejus omnium beneficiorum suorum participationem dederunt etiam ei caballum

524 1550 4296 152 unum centum solidorum uxori autem illius solidos viginti filioque ejus quinque solidos
