4218 2148
285 528 3494 226 ego gualterus dei gratia lingonensis episcopus carte istius attestatione presentibus et futuris notifico quod

438 676 3414 232 rogerius de curte rabodi pro anima sua et pro animabus antecessorum suorum dedit ecclesie fonteneti quicquid

414 823 3425 232 habebat apud lanias molendinum videlicet suum terras tarras et prata et quicquid habebat in territorio

393 980 3398 211 ejusdem villę hujus rei testes sunt walterius archipresbiter eduensis jordanus archipresbiter

381 1142 3429 204 tullionis warnerius presbiter fanii hanc itaque elemosinam ut firma permaneat sigilli nostri impressione

377 1298 3381 192 confirmamus et quicumque contra hanc venire voluerint auctoritate nostra excommunicamus

321 1453 3408 194 hinc quoque testes sunt hugo de plaaneto huldeerius de columberio rainaldus major tullionis gaufridus

396 1606 1581 170 de darceio et robertus frater decani montis barri
