4028 2202
261 497 3513 159 ego bernardus ecclesie sancti martini eduensis abbas totusque predicte ecclesie conventuspresentibus atque futuris notificamus

260 629 3483 164 nos ecclesie fontineti quicquid juris nostri erat in territorio frauxini et fani exceptis viris et mulieribus pro sex libris

258 770 3500 156 in vadimonium misisse quando vero eis sex libraspersolverimus quicquidpro eisdem mittimus habebimus si

249 913 3519 151 quis aliquam eis calumpniam de predicta terra injuste intulerit ubicumque eis necesse fuerit vel quandocumque nos

231 1048 3506 142 inde fideliter commonuerint ut justicia exegerit contra omnes homines garentiam illis portabimus hoc

236 1189 3537 136 autem factum est cum laude clementis lupi tunc priorisde stormaro et reinaldi majoris ad munimen igitur hujus

248 1327 3468 133 rei sigillum nostrum carte huic apponimus ne quis hec ignorando negare vel infringere moliatur sed sciendum

386 1474 2773 104 sex librasquas diximus privionensis esse monetę anno ab incarnatione domini m c l viiii
