5210 5668
730 1142 3576 114 ego gauterius dei gratia eduensis episcopus notum facio presentibus pariter et futuris quod rainardus

710 1343 3606 116 miles de curcellis dedit et in perpetuam elemosinam concessit deo et ecclesie fonteneti pasturas de curcellis

682 1553 3594 114 et de bonesio et de grinione et de pertinentiis earumdem villarum in nemoribus et in planis et aasamenta

686 1761 3576 126 custodum peccorum et animalium foagium scilicet et rameriam ubi communio dictarum villarum currit

692 1973 3540 126 dedit preterea jamdicte ecclesie fratribus piscaturam et omnimodam aasentiam per totam aquam suam et

678 2195 3516 138 concessit pontem facere eis super aquam ipsam in terra ipsorum ubicumque voluerint ad transsitum animalium

674 2401 3578 152 et peccorum suorum quod si peccora vel animalia ipsorum dampnum fecerint reddentes capitale quiti

668 2645 3608 146 erunt remisit etiam et pacificavit eisdem fratribus omnes querelas quas de retro adversus ipsos habuerat

674 2863 3526 144 habuit autem propter hoc idem rainardus de beneficio ecclesie cc libras divionensis monete et vaccam

678 3123 3504 118 unam cum vitulo et sciendum quod sepedictus rainardus promisit de his omnibus supradictis debitam garentiam

672 3339 3522 130 portare adversus omnes sine monachorum expensis quam rem odo dux burgundie ad preces

666 3559 3514 146 ejus manucepit et fidejussorem se constituit hoc totum laudavit pontius de granceio qui tunc dominus

656 3795 3576 148 erat rubeimontis et agnes uxor predicti rainardi cum omnibus liberis suis renaudo scilicet gauterio

662 4015 3562 150 stephano maria gertrude agnete margarita hujus elemosine et doni testes sunt bernardus dominus de

656 4235 3550 158 spissa matheus de estez josbertus de masi herveus de fontanis milites quod totum ut ratum habeatur

664 4473 3556 132 in posterum sigilli mei inpressione corroborari precepi anno verbi incarnati m° cc° secundo
