4174 3170
356 250 3558 275 ego matildis comitissa grinionis notum facio omnibus presentibus pariter et futuris quod robertus magnus de riciaco dedit

345 653 3558 143 in perpetuam elemosinam ecclesie fonteneti duo prata que possidebat in riveria de grinione et habuit inde de beneficio

344 912 3517 154 ecclesie quingentos solidos hoc totum laudavit uxor sua helya de cujus capite erant et liberi ejus oliverus cum uxore sua

348 1166 3546 160 alays willelmus cum uxore sua alays reinaudus sibilla cum marito suo pontio in presentia istorum stephani de

370 1365 3533 175 curterun petri de curterun sacerdotum walterii de argentuil hoc etiam laudavit oliverus de grinione de cujus

363 1674 3525 130 casamento erant et uxor sua fluria et liberi sui pontius et gaufridus et willelmus hujus rei testes sunt h abbas

383 1920 3505 138 bernardus de grinione hugo de quinciaco hugo de turre otho et guido frater ejus monachi milo de lentili et haimo

378 2171 3516 154 castellanus de bremur et guido de gissi et guido filius osmundi de venerri quod totum ut ratum habeatur

381 2430 3555 151 in posterum sigilli mei impressione confirmavi anno ab incarnatione domini m° c° xcvi°
