3180 4458
353 263 2669 119 ego stephanus dei gratia eduensis episcopus notum facio presentibus et futuris

345 448 2678 116 quod willelmus buro dedit et concessit in elemosinam ecclesie fonteneti et fratribus

337 582 2737 132 ejusdem loci pascua in finagio ville presbiteri quantum ad jus ipsius pertinebat laudavit

278 759 2760 115 etiam et concessit eisdem fratribus ut quocunque modo possent ab hominibus ipsius acquirerent

351 925 2706 114 terras quas ipsi habebant in territorio de estormer infra chiminum romanum

353 1090 2683 129 versus grangiam estormer sicut ipsum chiminum tendit usque ad chiminum pontis laveii

344 1257 2641 118 laudavit et eis hoc quod acquisierant de casamento ipsius ab andrea de

347 1402 2683 134 cortenge et quod acquisierant ab hominibus darcei juxta fontem de villenetis hec omnia

368 1558 2658 125 predictus willelmus laudavit et concessit et quod hec bona fide semper teneret atque servaret

347 1704 2691 136 in manu odonis archipresbiteri tullionis affidavit hoc totum laudavit

350 1857 2638 139 uxor ejus nigella et tres filii ejus henricus theobaudus et calo et filia ejus agnes

340 2000 2683 140 de his omnibus testes sunt oddo archipresbiter tullionis tecelinus capellanus frollesii

371 2154 2676 135 domin icus capellanus lucennaci petrus capellanus buxeii christianus arlaudus barnuinus

353 2304 2703 145 filius radulfi de frollesio hugo major darcei et theobaudus lucennaci

360 2452 2657 140 robertus major buxeii et folcuinus cognatus ipsius buro filius ejusdem willelmi qui tunc

362 2601 2535 133 presens non erat hec postea laudavit unde testes sunt idem willelmus pater ejus wiardus

365 2761 2730 144 de frollesio et hugo major darcei hec etiam laudavit pontius filius ejus unde testes

366 2931 2648 147 sunt petrus capellanus buxeii andreas de cortenge radulfus flandrensis

452 3094 2571 146 walterius alemannus robertus major buxeii et fulcoinus cognatus ejus nos igitur

386 3250 2649 152 hec omnia sigilli nostri impressione firmantes episcopali auctoritate interdicimus

380 3396 2643 148 ne quis ulterius de his ecclesiam fonteneti vexare aut gravare presumat qui vero presunserit

374 3555 2680 144 donec resipiscat anathema sit actum anno ab incarnatione

375 3664 1834 155 domini mo co lxxo vio
