4604 8616
610 672 3442 141 ego godefridus dei gratia lingonensis episcopus tam futuris quam presentibus notum

592 856 3500 148 facio quod hugo de nigellis per manum andreę montis barri domini concessit monachis

572 1054 3512 168 ecclesie fonteneti omnibus pecoribus suis exceptis porcis pasturaset omnem aasentiam per

600 1266 3482 150 totum finagium de nigellis et de baelo omni tempore absque damno messis et prati

592 1466 3466 160 et absque hoc quod cum boscus pastionem habuerit quę legaliter ad pasnagium data sit et

592 1672 3468 172 porcis ejuset alienis tunc pecora monachorum non intrabunt in boscum ejus a festo sancti

588 1892 3486 148 remigii usque ad octabas purificationissancte marie si damnum factum fuerit in messe et prato

590 2104 3480 148 absque alia lege damnum solum restaurabitur si porci quolibet modo in bosco ejus capti fuerint et

586 2320 3500 148 pastores dixerint quod nec sponte nec scienter eos in boscum ipsius miserint miserint ipsius mots intervertis par signes et si pastor conversus

600 2532 3516 146 fuerit per veritatem illius porci liberabuntur si vero mercennarius per jusjurandum ipsiuset ita quod ad jusjurandum

604 2722 3456 152 nil ei anteponetur si pastores asseverare non possunt quod sponte porcos in boscum ejusnon

604 2936 3454 146 miserint eo tempore quo boscus pastionem habuerit quę ad pasnagium data sit lege pasnagii porci

612 3140 3490 150 liberabuntur si boscus pastionem non habuerit lege mercennarii quicquid in plaaneto ipsius hugonis

574 3352 3480 144 erat vel de casamento suo dedit monachiset omne jus suum de juvenci duo scilicet mansa et xlta circiter

582 3560 3554 148 jugera terrę de quibus etiam si quis eos vexaverit pacem eis inde faciet laudavit quoque eis quicquid ibi acquirere

588 3770 3480 146 poterunt ab hominibus illius vel ab aliis sive per emptionem sive per elemosinam concessit etiam eis

564 3976 3536 129 si quid habebat in finagio fontanarum et si quis hominum ipsius ibi aliquid calumniatus fuerit quamdiu

596 4144 3504 153 in posse ejus manserit pacem illum faciet tenere monachis si a posse ejus recesserit auxiliabitur

592 4344 3508 160 ipse monachis nec pacem cum illo nisi cum assensu eorum et pace faciet hec bona fide fecit et affidavit

594 4546 3474 162 in manu domini andree et postea super sanctas juravit reliquias quę omnia conjugem suam et liberos suos

616 4756 3444 158 laudare fecit propter hęc omnia dedit ei abbas arnaudus de beneficio ecclesię quingentos solidos ipse vero de

610 4958 3478 168 his omnibus dedit responsorem dominum montis barri andream inde sunt testes jordanus archipresbiter de tullione

580 5156 3494 176 humbertus presbiter de grisigni dominus montis barri andreas robertus de sancta columba symon de curtengi wiardus

576 5368 3488 176 de senevei gaufridus de arran willelmus de marmania wido de vilers bernardus nariold bartolomeus franca

596 5572 3456 186 avis paganus de montenni hugo et andreas filii symonis robertus montis barri prefectus girardus cliens robertus

588 5789 3492 175 frater decani rencius de marna audonetus odo columerius christianus erlauz erlaz item ego godefrid us dei gratia

598 6002 3526 168 lingonensis episcopus notum facio quod nivardus de nigellis frater hugonis concessit ecclesie fonteneti et radulfo ejusdem

582 6212 3466 176 loci abbati omnes aasentias de nigellis et de baelo pro anima patris sui et antecessorum suorum laudante uxore

572 6422 3504 182 sua et filiis suis et filia preterea donavit eidem ecclesie mansionem unam apud juvenci que remansit

548 6636 3544 182 ei de roberto de curia homine suo quicquid etiam homines ejus in ea villa tenent licentiam donavit fontenetensibus

580 6842 3458 168 ut acquirant quando potuerint et ut in eadem villa per totum finagium habeant omnes aasentiaset

584 7040 3494 178 libera usuaria in perpetuum generaliter autem concessit ut in omnibus terrisquas habebat vel habere posset

576 7242 3436 192 citra secanam habeant plenaria omni tempore usuaria actum apud montem barrum anno domini m° c°

584 7442 3444 220 lxii° per manum andree montis barri domini cui affidavit donum quoque istud cognovit coram archi

588 7680 2936 190 presbitero de tullione jordano et odone de marmania presbitero et radulfo boino
