3024 4330
237 514 2504 209 ego garnerius dei gratia lingonensis episcopus notum facio presentibus et futuris quod matheus de estez dimisit

239 746 2536 198 fontenetensibus forefactum quod ei fecerant de bosco suo tempore peregrinationis sue iherosolimitane

249 1000 2523 175 et dampnum quod porci eorum in finagiis de puteis et de estez in pratis et secturis fecerant dedit etiam

240 1232 2514 186 eis in elemosinam perpetuam duos solidos census quod ei annuatim debebant et terram quandam quam eis

236 1447 2569 200 brutinus invadiaverat et tam de censu quam de terra illa debitam guarantiam se portaturum promisit

225 1723 2532 154 concessit etiam ut porci eorum a festo sancti remigii usque ad exitum marcii per omnia nemora sua

234 1958 2540 162 de puteis et de estez tam pro pastura quam pro pastione absque ulla occasione et dampni requisitione currerent

227 2195 2569 157 quantum videlicet ad fossionem sive subversionem terre in locis ubi solent fena secari concessit etiam

224 2422 2568 143 pastoribus fonteneti uti nemoribus suis ad faciendas rameas et omnia sibi necessaria quamdiu pascentur

228 2644 2532 163 animalia eorum in nemoribus illis hoc totum laudavit edelina uxor predicti mathei cum filia sua

218 2884 2464 158 eglentina que pro laude xl solidos habuerunt quod totum ut ratum in perpetuum habeatur sigilli

222 3124 2127 167 mei auctoritate confirmo anno ab incarnatione domini m째 c째 xc째 iii째
