2848 3344
188 289 2457 103 ego stephanus dei gratia eduensis episcopus notum facio presentibus et futuris quod renerius de cirille

180 414 2468 113 et uxor ejus hodierna filia girardi pilosi laudaverunt et concesserunt ecclesie fonteneti in

170 555 2484 104 elemosinam quicquid de hereditate predicti girardi fontenetenses tenebant a flacciaco

171 696 2478 100 usque ad fanium et a fanio usque ad morvillam concesserunt etiam ut infra hos terminos quicquid

161 835 2466 109 possent acquirerent de predicti girardi hereditate hac conditione quod omnia illa que tunc

162 975 2447 119 temporis tenebant monachi quando carta ista conscripta est libere et quite possidebunt si quid vero

174 1119 2492 116 postmodum acquisierint pro jornali duos denarios census annuatim dabunt jornale autem

167 1246 2478 126 duorum conversorum et duorum secularium agricolarum judicio accipietur propter hoc concessum est eidem

170 1381 2481 130 renerio ad mortem tantum pro illo fieri quantum pro monacho horum testes sunt bernardus abbas

164 1504 2505 139 fonteneti willelmus prior walterius de firmitate oddo archipresbiter tullionis willelmus de curte rabodi

161 1659 2509 121 adam de esnaio de laude vero hodierne testes sunt dodo capellanus marmanie willelmus

161 1807 2509 121 de curte rabodi oliverius albus hugo dabi durannus de fanio halia de grinnon hec omnia

161 1959 2485 113 in presentia nostra ab eodem renerio laudata et concessa sigilli nostri impressione munimus

159 2109 2490 118 et episcopali auctoritate roboramus actum anno ab incarnatione domini m째 c째 lxxx째 ii째
