3564 3428
177 288 3103 302 ego o archipresbiter tullionis notum facio tam futuris quam presentibus quod matheus de stet donavit in perpetuam elemosinam

170 662 3126 180 ecclesie fonteneti in nemore suo per totum finagium de stet usuarium lignorum omnimodorum id est tam vivorum quam mortuorum tam

168 899 3104 195 viridum quam siccorum ad omnes usus necessarios preter dare et vendere et exceptis locis secabilibus id est ubi fena de consuetudine

182 1124 3072 204 secantur in quibus quamdiu secabilia erunt lignorum tantummodo siccorum et mortuorum predicta ecclesia usuarium habebit si vero secabilia

192 1364 3029 207 esse desierint in illis sicut in reliquo nemore plenarium esuarium accipiet et si forte in locis illis quamdiu secabilia

185 1613 3043 172 erunt aliquis de fontenetensibus lignum aliquod vivum inciderit sine emendatione forisfacti satisfactio fiet tantummodo ad valentiam

198 1879 3047 146 ipsius ligni et similiter si in pratis vel satis aliquo modo dampnum factum fuerit sine forisfacti emendatione satisfactio

216 2135 3015 153 fiet tantummodo ad valentiam dampni illati dedit etiam predicte ecclesie in perpetuam elemosinam duos campos apud nogentum

195 2363 3075 171 unum scilicet ex una parte aque et alterum ex alia parte hoc totum laudavit uxor sua edelina et filia sua eglentina

207 2617 3078 169 hujus rei testes sunt willelmus prior reinaudus de curte rabodi willelmus cantor girardus major de stet huelinus filius turrini

191 2849 3106 184 hugo filius oliveri de grinione quod totum ut ratum habeatur in posterum sigilli mei impressione confirmavi anno ab incarnatione domini m째

164 2995 259 133 c째 xc째 vi째
