3702 3300
377 363 2932 106 ego manasses dei gratia lingonensis episcopus notifico presentibus et futuris quod hugo de nugleio laudavit et concessit

363 441 2907 159 ecclesie fonteneti pratum quoddam apud seneveium quod fuit salomonis de lania laudavit etiam et concessit eidem

354 560 2970 152 ecclesie omnia que habent fontenetenses a milone de molismo et quicquid habent in finagio de prees et in finagiis

354 681 2973 144 seneveii et lanie et janiaci in pasturis et in omnibus aasentiis et quicquid ubicunque habeant quod ad ipsum

354 800 2955 128 quondam pertinuisse noscatur et propter hec a predictis fratribus xl solidos habuit quadam etiam vice quandam pacem fecerunt

351 918 2945 124 fontenetenses cum domino guidone de noiers de weura sansuerie cujus partem exartaverunt quidam conversi eorum erat

351 1038 2892 123 autem weura illa communis et indivisa predictis hugoni et guidoni et roberto de riceio pro dampno ergo

390 1142 2849 134 weure illius habuit guido vii libras hugo xxx solidos et uxor ejus vacam unam robertus vero partem suam

363 1271 2913 143 quitam clamavit hec omnia laudavit uldealdis uxor hugonis et filii ejus petrus et manasses et andreas de his

345 1392 2934 138 omnibus testes sunt willelmus capellanus lanie hugo prepositus comitis brene martinus de asneriis petrus filius martini

350 1517 2940 137 cuiche frater petrus magister fontanarum post hec iterum alia vice nesciente domino guidone conversi de fonteneto exartaverunt

339 1638 2931 159 de eadem weura propter quod dominus guido habuit x libras hugo etiam de nugleio imitatus dominum guidonem ecclesie fonteneti de eadem

339 1761 2945 190 re movit calumpniam tandem vero ad hoc res perducta est quod predictus hugo eandem querelam guerpivit et quod de eadem

372 1907 2880 193 we u ra occupaverant conversi concessit et laudavit ecclesie fonteneti unde habuit xl lidos hoc iterum laudavit uldealdis

339 2063 2907 157 uxor ejus et filius ejus manasses qui inde h ab uit xii denarios hujus rei testes sunt odo archipresbiter tullionis bernardus

346 2153 2958 188 capellanus de verdunnaco robertus de ceio riceio ceio bartholomeus ad pollices hugo de bisseio prepositus petrus prepositus de marcennaco

365 2310 2920 189 odo de seneveo petrus de lania major ejusdem hugonis hec igitur omnia sigilli nostri auctoritate firmantes sub anathemate

333 2480 3024 163 prohibemus ne quis in posterum domum fonteneti super his molestare presumat actum anno dominice incarnationis m째 c째 lxxx째 vii째
