4202 3788
228 287 3699 114 contentio fuit inter milonem comitem de barro et rainardum de monte barro de deserto quod dicitur fontane dicente videlicet

236 408 3646 117 rainardo quod totum sui juris esset comite autem reclamante quod aliqua pars illius ad jus suum pertineret cum autem donasset

260 522 3670 125 fontaneti ęcclesię rainardus quicquid in eo suum erat econtra comes ęcclesię juliaci quod suum esse probabat itum est ex utraque parte

276 627 3657 147 super memoratam terram et facta concorditer divisione finitia est contentio est autem divisio talis a semita quę ducit a fontanis

311 729 3612 165 ad sanaveium pars illa terrę quę jacet versus laniam villam fontaneti tota concessa est monasterio laudante predicto milone

245 833 3637 157 comite ex alia vero parte semite data est ęcclesię juliaci sicut apparent factę metę per iiiior quercus ad hoc signatas usque

255 941 3639 166 ad spinetum quod est in valle quod etiam in signum numquam excidendum esse statutum est et ex inde per medium fundum vallis usque ad finagium

239 1055 3688 157 virdiniaci ita ut pars deversus silvam quę vocatur fracia in jus veniret monialium parsvero deversus fontanas atque seiestrium

225 1170 3668 165 in jus transiret monachorum tali igitur partitioni ambę ęcclesię predicte invicem adquieverunt postea vero in diebus wilenci

237 1288 3707 160 molismensis abbatis et arnaldi fontanetensis de usibus nemorum ad fontanas pertinencium et silve quę fracia vocatur et ad juliacum

237 1394 3710 173 pertinet inter fontanetenseset juliacenses dissensio sepius oriebatur dicebant enim fratres de fontanis sui esse juris in predicta silva ligna

236 1489 3693 194 tam ad ardendum quam ad ędificandum quantum eis esset necessarium pastionem etiam porcorum si afforet accipere debere juliacenses vero

245 1598 3645 190 hunc eundem usum in nemoribus de fontanis se habere reclamabant propter hanc igitur de usibus discordiam predicti abbates ęcclesiarum

239 1722 3682 178 paci providentes pariter convenerunt et assensu capituli molismensis et fontanetensis et etiam juliacensis firmiter statuerunt ut neque fontanetenses

246 1834 3620 169 neque juliacenses usum quem in supradictis nemoribus se invicem habere reclamabant ulterius haberent sed quisque eorum

237 1952 3722 163 quę sua sunt absque alterius participacione libere et quiete possident designatus est etiam locus infra quem illi de juliaco sua ędificia construerent

223 2051 3671 178 et puteum foderent et non licent eis de puteo de fontanis aquam haurire ne inde discordie occasio oriretur si eisdem aquis

235 2157 3637 183 ambę domus fruerentur statutum est etiam quod neutre illarum domuum feminam liceret habere ad habitandum primę divisionis

242 2257 3624 194 testessunt godefridus abbas de fontaneto bernardus abbas de clara valle guido frater ejus guido et arulfus de juliaco

246 2354 3680 213 milo comes bonetus de mercennaco concordię autem de usibus nemorum factę sunt testes ex parte juliaci thomas molismensis

242 2466 3592 207 prior hugo prior juliaci guido camerarius luca priorissa galterus conversus guibertus ex parte fontaneti guillelmus de

246 2571 3660 215 scarleiis milo de tilia monachi ex utraque parte hunbertus decanus lingonensis pontius de varzeio hurieus de

240 2681 3678 231 barro ut concordia ista rata et inconcussa permaneret predicti abbates sigillorum suorum impressione necnon etiam auctoritate

254 2796 3673 237 sigilli godefridi lingonensis episcopi eandem con cor di ter mu ni e runt
