5648 2720
272 273 5126 216 agnes dei gratia putei urbis abbatissa fontenetensis cenobii abbati willelmo ejusdemque loci reverende congregationi

304 411 5134 218 semper in beneplacito dei permanere cum omnes ęcclesię que una sunt mutua se et vera efficacique caritate diligere debeant

304 555 5130 220 tum ille maxime que locorum vicinitate junguntur ordine caritatis ita exigente qui rationis divineque legis jure propinquos

302 693 5106 206 quam longinquos notosquam ignotos domesticos quam extraneos devotius teneriusque diligendos ipso rerum

312 819 5112 214 effectu decernit unde ego et universitatis nostre capitulum monasterio vestro idest vobiset omnibus successoribus vestris in perpetuum

316 955 5146 210 concessimus vineam et pratum quinque aut quatuor carrarum que juxta villam fanium habebamus que causa ermengardis

334 1081 5092 212 filie hugonis de corraboio nobis collata fuerant hoc sicut prediximus concessit et laudavit universitas

316 1217 5090 206 nostra sed aliquarum nomina ad majorem certitudinem duximus exprimenda eglentina priorissa margarita subpriorissa

320 1351 5110 210 gertrudis precentrix adelina neptis nostra predicta ermengardis actum in capitulo nostro quarto to idus aprilis anno ab

340 1495 5142 208 incarnatione domini millsimo centesimo quinquagesimo primo presentibus vobis qui et hoc suscepistis venerande abba

352 1631 5134 224 willelme et monachis vestris willelmo qui fuit abbas scarleiarum et bernardo de sarneio sarmeio et hugone jamdictę

324 1767 5112 206 ermengardis fratre et haimone capellano nostro vos autem hac de causa octo libras proveniensis monete nobis

328 1897 5124 212 contulistis et sepedicte ermengardi mantellum et pelliciam et botas ego vero ad testimonium et confirmationem

340 2060 5116 206 sigilli nostri auctoritatem apponens quanta possum anathematis animadversione interdico ne qua

324 2187 3472 172 umquam ad nos pertinens persona ullam inde vobis inferre injuriam presumat
