3474 2430
382 397 2798 128 ego petrus comes autisiodori et tornodori universis notum facio presentibus pariter et futuris quod cum

380 529 2781 125 pravo usus consilio terras et vineas et vinum quod ecclesia fonteneti apud tornodorum habebat cepissem et

377 639 2822 154 saisissem tandem inquisita diligentius veritate quod hoc injuste fecissem vinum illud quod ceperam dicte ecclesie

386 822 2808 111 monachis reddidi terras et vineas et omnia de quibus inter me et ipsos controversia vertebatur eis bona

375 942 2813 151 fide quitavi ips in pace dimisi laudans eis ips confirmans omnia de quibus tunc temporis investiti erant quando presens

377 1112 2805 146 scriptum factum est in eadem villa tornodori vel apud autisiodorum ut ea deinceps absque omni conturbatione

381 1275 2806 157 perpetua pace tenerent et possiderent preterea de illata eis injuria me culpabilem reddidi et congruam

369 1455 2804 163 satisfationem eisdem exibui et propria manu emendavi et ut hoc ratum et firmum in perpetuum

406 1601 2727 197 habeatur presens scriptum sigilli mei munimine roborari precepi actum est hoc anno

420 1797 2289 170 incarnationis dominice millesimo ducentesimo octavo xiiii° kl aprilis
