5056 3322
410 324 4360 100 ego gualterus dei gratia lingonensis episcopus presentis paginę scripto tam futuris quam presentibus notum volo fieri quod rainaldus vicecomes tornodorensis

390 497 4384 150 et hugo catinus frater ejus in elemosinam dederunt et concesserunt ecclesię fonteneti quicquid juris habebant apud noville

386 693 4404 144 montem et in toto territorio ejusdem loci quicquid scilicet ibi proprium habebant et quicquid alius ab eis ibi tenebat concessit etiam predictus

408 899 4334 142 rainaldus prefatę ecclesie fratribus omnia casamenta sua acquirenda et hugo catinus casamentum bartolomei de marmania quocumque modo

398 1107 4388 136 acquirere possent propter hec vero fontenetenses predicto vicecomiti rainaldo et fratri ejus hugoni dabunt unicuique scilicet de sua parte

406 1309 4370 138 annuo censu viiito sextarios annonę dimidium frumenti et dimidium avenę et decem solidos ea tamen conditione quod de eodem censu

388 1503 4386 144 ɼainaldus et hugo et eorum heredes nulli alii ecclesię facient elemosinam nisi fonteneto nec cuiquam homini aliquo modo tradent eundem

394 1699 4342 142 censum nec vendent nisi fontenetensibus si tantum ipsi quantum alius dare voluerint annonę reddendę terminus est a mense augusto

400 1891 4358 144 usque ad festum omnium sanctorum denariorum vero toto martio hec omnia laudaverunt uxores eorum et filii de laude uxoris vicecomitis

390 2077 4344 152 margarite et filiorum ejus odonis rainaldi jocelini et filię ejus emelinę testes sunt teobaldus capellanus quintiaci paganus de lania et

400 2259 4350 148 rocelinus cognatus ejus de laude uxoris hugonis catini lorę et filii ejus raimundi et filię ipsius agnetis sunt testes wiardus

398 2452 4380 146 de seneveio silvester prepositus grinionis airardus de monte barro ¶ actum anno ab incarnatione domini m° c° sexagesimo viiiino

398 2615 4419 155 quod ego meo communiens sigillo ne qua in posterum ecclesię fontenetensi fiat hinc vexatio auctoritate episcopali sub anathemate interdico
