5186 2766
222 300 4452 127 ego guillelmus dei gratia lingonensis episcopus omnibus notum facio presentibus pariter et futuris quod dominus hugo miles de laniis in presentia nostra

218 455 4490 151 constitutus recognovit laudavit et concessit dilectis nostris fratribus fontenensibus pasturas omnibus animalibus suis de fonteneto de quibus avus

228 599 4488 169 prenominati hugonis eisdem fratribus dudum fecerat elemosinam in finagio de laniis tam in bosco quam in plano et si animalia ipsorum alicui aliquod

218 775 4544 167 dampnum intulerint ad valentiam dampni capitale tantummodo restituetur recognovit etiam idem hugo et laudavit prenominatis fratribus

220 939 4592 167 elemosinam quam eis fecerat dominus rogerius de corrabo apud lanias terciam videlicet partem nemorum et pasnagii et terciam partem de apibus

190 1111 4614 173 inventis et terciam partem terciarum bladi de finagio eorumdem nemorum excepta foresta laniarum que remansit in discordia de qua tamen

176 1309 4566 147 eis justiciam exibebit quando requisitus fuerit hec omnia prelibata recognovit similiter et laudavit dominus humbaudus miles frater sepedicti hugonis

180 1451 4634 173 et ut hoc ratum et firmum sit ad preces dicti hugonis presens scriptum sygillo nostro roboravimus actum anno gratie millesimo

178 1653 2070 149 ducentesimo duodecimo tercio kl augusti
