5112 4710
254 215 4653 136 ego humbertus dei gratia eduensis episcopus trado posteritatis memorie presentis privilegii confirmatione quod coram me et per me de concordia

258 420 4606 145 flaviniacensis ecclesie et fontenetensis factum est conquerebatur enim flaviniacensis ecclesia de fontenetensi quod terram que

232 604 4624 149 de casamento ejus erat circa sanhiacum absque consensu ipsius tenebat in flaviniacensi igitur conventu assistente nobis donno

228 770 4596 175 hugone autissioderensi episcopo et stephano regniacensi abbate et oberto priore sancti symphoriani interventu nostro

236 940 4592 169 concessit donnus agano flaviniacensis abbas laudante toto conventu ejusdem ecclesie fontenetensi abbatię in manu

228 1126 4644 155 guillermi abbatis ejusdem loci totam illam terram unde querela fuerat sicut eam a casato sub censu videlicet duodecim nummorum

232 1298 4638 155 habebant quod si casatus justiciam abbati flaviniacensi exequi nollet et abbas reliquum casamenti sasiret

264 1482 4640 157 predictum censum fontenetenses donec concordarentur abbas et casatus flaviniacensibus persolverent guarantiam tamen adversus

254 1658 4514 175 omnes fontenetensibus flaviniacenses portarent tunc etiam predicte ecclesie scanbierunt inter se per manum predictorum

240 1826 4652 201 abbatum prata quedam concessit flaviniacensis ecclesia fontenetensi brolium buxerie cum nemore quod erat inibi excolendum

248 1978 4664 243 concessit concedit fontenetensis ecclesia flaviniacensi pratum de glaioleto quod est juxta villam grangearum sub grini

240 2166 4672 225 one interfuerunt religiosi viri quos supra memoravimus scilicet et ribertusprior fontenetensis et gaufridus monachus clarevallensis

254 2348 4648 223 enoldus sedelocensium canonicorum decanus boso decanus montis barri petrus canonicus lugdunensis teobaudus

256 2483 4591 274 de grisiniaco rainaldus mariscalcus petrus pollenniaci decanus erat tunc temporis prior flaviniacensiset decanus oddo

260 2656 4607 293 gislerus subprior teobaudus cantor guido de grinione sacrista lambertus capellanus abbatis qui omnes cum reliquo conventu

238 2807 4661 320 sicut jamdictum est hec omnia laudaverunt actum est hoc anno ab incarnatione domini mmo cmo xlmo iimo et ego hunbertus

248 3035 4661 290 dei gratia eduensis episcopus hec omnia confirmo et appositione sigilli nostri munio interminans sub anatemate ne quis alterutri

236 3250 4663 273 ecclesie injuriam inde facere presumat ego quoque agano dei dispensatione flaviniacensisabbas adconfirmationem et perpetue

246 3442 4640 247 pacisconservationem sigillum nostrum appono precipiens sub anatemate ne quis de nostris fontenetensi ecclesie injuriam faciat
