3760 4184
213 215 3340 143 ego stephanus dei gratia eduensis episcopus notum facio presentibus et futuris quod hugo peccatum de til dedit in elemosinam

218 377 3312 106 et concessit ecclesie fonteneti et fratribus ejusdem loci totum jus suum quod habebat id est quartam partem

204 492 3350 107 in bosco et in plano ab aqua que dicitur arrana usque ad territorium noville montis et usque ad estormer in ipsa etiam

224 606 3307 101 aqua et in toto finagio ville de jugis in bosco et in plano et in aquis eisdem fratribus dedit usagium et

225 718 3309 109 omnem aasentiam ad eorum animalia pascenda et potanda et tali conditione quod pasturas sue partis de

213 831 3357 109 toto territorio de jugis nullis aliis hominibus dabit aut vendet nisi fontenetensibus et si fontenetenses aut eorum

210 947 3341 108 mercennarii vel eorum animalia damnum aliquod fecerint damnum tantummodo restaurabunt et sic absque alia emenda

195 1068 3359 99 erunt in pace hec omnia hugo in manu oliverii de grinione affidavit se fideliter et bona fide conservaturum

207 1182 3362 105 ecclesie fonteneti et quod de omnibus his adversus omnes homines fontenetensibus semper legitimam garentiam portabit hinc

207 1293 3357 107 testes sunt duo monachi philippus et hugo oliverius de grinione et johannes de seneveio iterum apud flaviniacum

191 1412 3360 100 hoc idem predictus hugo super sancta juravit et quod pacta que continentur in carta ista semper fideliter conservabit

215 1526 3339 106 unde testes sunt gaucherius abbas flaviniaci et duo archipresbiteri aimo de flaviniaco et hugo de pullenniaco

195 1647 3362 108 oliverius de grinione et johannes de seneveio hoc totum sicut in carta ista continetur laudavit luca mater

191 1760 3343 111 hugonis et uxor ejus lora et frater ejus willelmus et soror hodierna inde testes sunt dominus de til osbertus hugo dalmatius et

195 1875 3360 103 guntardus frater ejus teobaldus de blange et willelmus de curte rabodi hoc laudavit ila soror hugonis et johannes maritus

192 1986 3372 94 ejus unde testes sunt odo archipresbiter tullionis petrus magister fontenarum rainaldus presbiter girardus de lania carpentarius

189 2097 3342 101 hoc etiam laudavit josbertus de gisse a quo tenet hugo quod habet in villa de jugis inde testes sunt rainerius de frollesio

198 2217 3369 105 et milo de lentille guntardus de fossato et josbertus dalmatius milo prepositus de ennaio et walterius froissarz

213 2327 3357 109 uxor etiam josberti macelina hoc laudavit unde testes sunt oliverius de grinione et theobaldus martruz hugo

198 2444 3321 105 peccatum de til et johannes sororius ejus dominus quoque montis sancti johannis hugo de cujus casamento est villa de jugis

201 2565 3353 104 hoc laudavit unde testes sunt willelmus de curte rabodi monachus de fonteneto et ricardus capellanus de cancellis josbertus

182 2682 3376 104 de gisse et guiardus de frollesio uxor etiam domini hugonis de monte sancti johannis hoc laudavit unde testes

176 2802 3373 110 sunt duo predicti willelmus monachus et ricardus capellanus hec igitur omnia nos paci ecclesie fonteneti providentes

177 2922 3377 116 sigilli nostri munimine confirmamus et episcopali auctoritate anathemate condemnamus omnes qui de his fratres

170 3045 3369 138 fonteneti vexare aut aliquo modo perturbare presumserint actum anno ab incarnatione domini m° c° lxx iiii
