3544 2278
273 275 3096 124 ego gauterius dei gratia eduorum episcopus notum facio presentibus pariter et futuris quod rainerius de chaudesaul

246 420 3068 153 miles dedit et concessit in perpetuam elemosinam ecclesiis de fonteneto et de juliaco quicquid

252 586 3080 165 juris habebat in pasturis de saneveto laudantibus et consentientibus pontio filio et filiabus ejusdem

224 759 3070 153 rainerii scillicet sybilla et galia et roberto ejusdem sybille viro horum omnium testes sunt robertus

233 924 3040 168 archipresbiter tullionis guillelmus capellanus de chaaciaco robertus li sas miles de grinione huoz

237 1104 3003 162 filius domini oliveri grinionis hugo et guillermus cellerarii et johannes de bonesi monachi fontenetenses

261 1287 3030 175 quod ut totum ratum habeatur in posterum sigilli mei munimine presentem cartulam roboravi

246 1468 2279 168 anno ab incarnatione domini millesimo ducentesimo primo
