6202 4706
1104 1115 4244 256 stephanus dei gratia eduensis episcopus dilecto fratri willelmo abbati fonteneti omnibusque in perpetuum ibidem

1068 1249 4268 232 regulariter substituendis quia dignum est justis petitionibus assensum prebere petitioni tuę immo totius

1048 1383 4272 227 cui prees ęcclesię annuentes nos quoque post apostolica precepta decernimus ne qua vel ęcclesiastica vel

1052 1503 4244 221 secularis persona aliquid de decimis possessionis flaciaci vel aliarum predicte ęcclesię possessionum

1064 1629 4244 233 accipere presumat ad alimentum enim fratrum deo in eadem ęcclesia in perpetuum servientium concedimus

1068 1751 4312 233 eis omnem eorum decimam ad cujuscumque ęclesiarum nostrarum jus antea pertinuerit si quis

1066 1899 4250 209 autem contra hęc scienter egerit anatematis eum districtione percellimus donec reatus

1068 2051 4272 179 sui facinus congrua emendet satisfactione vicinis autem presbiteris tam presentibus quam futuris

1056 2179 4292 176 presenti decreto precipimus ut super quemcumque clamorem ęcclesię vestrę de dampnis ejus sive

1068 2297 4280 194 de antiqua laicorum presumtione in decimas seu de aliis audierint plenissimam de eo justitiam

1060 2435 4260 190 faciant nec usque ad congruam relaxent emendationem alioquin officii sui

1090 2595 4282 182 periculum incursuros se noverint et a domino pro quo zelare aut nolunt aut trepidant

1092 2743 2860 168 malum quod merentur si non emendaverint recepturos

1058 2921 4304 154 actum est hoc eduę in plena synodo xv kl julii laudantibus archidiaconibus gaufrido

1076 3087 4230 160 seguino humberto et tota synodo et ego stephanus eduensis ecclesie episcopus sigillo meo

1058 3249 1040 106 munio et confirmo
