5110 4872
363 236 4511 507 †in nomine patris et filii et spiritus sancti ,amen .ego godefridus ,

378 738 4536 222 dei grã lingonensis eps̃ ,tam p̃sentib; qͣm futuris notifico andream montis barri dñm ,filium bernar

378 914 4544 235 di filii rainardi ,in p̃sentia nr̃i recognovisse dona & concessiones que in elemosinã abb̃ie fonteneti contu

366 1088 4536 233 lerat .sunt aut̃ hec :tota videlicet pars illa nemoris segestri que ẽ ad sinistram vie que a planis ejusdem

358 1260 4584 233 nemoris naellã tendit ,sic̃ lapidee mete inibi posite designant ;divisio qͦ; terrarũ int̃ fontanas & segestrũ

366 1440 4444 229 sic̃ facta jamdudũ fuerat in p̃sentia comitisse amite ejusdẽ andree ,ubi & lapidee mete posite sunt ;

348 1586 4502 259 qͥuicqͥ d etiã ꝓpͥi habebat jam dictus andreas intra fines plaaneti ,nõinatimq; tuschia ,& concessit ad

346 1795 4524 231 quirendũ sive elemosina sive pecunia ab hominib; ad se ꝑtinentib; ,qͥ aliquid juris ibidẽ habebant ,

326 1969 4564 231 quicqͥd possent fontenetenses .concessit etiã eisdẽ quicqͥd habebant ab oberto de til ,qͦd ad se ꝑtine

354 2152 4552 235 bat ;concessit nichilomin9 ipsisqͥcqͥd de casamentis habebant suis & qͥcqͥd adqͥrere possent seu elemo

360 2326 4494 229 sina seu pecunia ;simul & totius terre sue om̃s aasentias tã in nemore qͣm in plano & ,ut aliqua de eis

334 2494 4484 239 nominent᷑ ,nemus ad edificandũ ,ad ardendũ ,ad pastionẽ porcorũ ceterorũq; animaliũ pascuam ,ex

320 2684 4534 229 cepto qd̃ nemus jaliaci ñ poterunt essartare ad agricolandũ ,ceterosvͦ usus inibi habebunt ;in terris

334 2858 4568 229 qͦ; & agriculturã & om̃ib; animalib; pascuam ,in aqͥs etiã piscaturam ,p̃ter forestam que ẽ int̃ molen

334 3040 4528 221 dinum pepini & molendinum sc̃i joh̃is ;postremo quicqͥd avus suus rainardus & pater suus ber

314 3220 4528 225 nardus p̃dicte fontenetensium abb̃ie dederant & concesserant ,sicut in chartis eorum contene

322 3400 4544 225 batur & ipse similit̃ andreas concessit .hec gͥ omnia confirmantes& ꝓpͥi sigilli imp̃ssione cõmu

306 3580 4580 215 nientes ,d̃i & nr̃a auctoritate interdicimus ,ne quis suꝑ his aliqͣm fontenetensib; injuriam infer

306 3760 4612 215 re p̃sumat .quod si qͥsp̃sumpserit anathematis gladio eũ ꝑcellim9 ,donec eisdem ipsis congrue

308 3938 542 149 satisfaciat .
