2778 2092
240 215 2334 81 ego steph̃s ,d̃i grã eduensis eps̃ ,notum eẽ volo quod in pace facienda inter

240 317 2366 78 fratres fonteneti & osmundum rubei montis ,finitis aliis querelis de piscatura et

230 418 2385 76 pastura curcellarum et boneseii & de terra villelmi de fraxino que ẽ apud bone

240 517 2349 75 seium ita int̃ se remanserunt quod fratres fonteneti de piscatura et pasturis

234 610 2382 87 tenent se pro investitis ,tum ꝓpt̃ usuaria communia int̃ duo territoria flaciaci

239 708 2391 89 videlicet et curcellarum ,tum propt̃ helemosinas que sibi inde facte sunt .osmun

248 807 2352 90 dus vͦ non concedit .proinde si de his supͣdictis vel fonteñ osmundo aliqͣm inju

233 912 2376 87 riam facerent vel osmundus fontenetensib; ,qui conquereretur inde justiciam

237 1016 2397 82 quereret et qui injuriam faceret ,justiciam exhib̃et .qͦd si facere nollet injuriã

239 1113 2353 86 sustinens ubicumq; vellet justiciam quereret sive a potestate eccłastica sive a

234 1212 2381 102 seculari principe .hec se tenere et bona fide servare eccłe fonteñ juravit osmũ

227 1328 1719 87 dus ip̃e et filii ejus similiter humbaudus & rainardus .
