4028 2202
261 497 3513 159 ego bernardus ,eccłie sc̃i martini eduensis abbas ,totusq; p̃dicte eccłie conventusp̃sentibus atq; futuris notifica

260 629 3483 164 mus nos eccłie fontineti quicquid juris nostri erat in t̃ritorio frauxini et fani ,exceptis viris et mulierib9 ,ꝓ sex li

258 770 3500 156 bris in vadimonium misisse .quando vͦ eis sex librasꝑsolverim9 ,quicquidꝓ eisdem mittimus habebimus .si

249 913 3519 151 quis aliquam eis calumpniam de p̃dicta t̃ra injuste intulerit ,ubicumq; eis necesse fuerit vel quandocũq; nos

231 1048 3506 142 inde fidelit̃ commonuerint ut justicia exegerit ,contͣ omnes homines garentiam illis portabimus .hoc

236 1189 3537 136 aut̃ factum ẽ cum laude clementis lupi ,tunc pͥorisde stormaro ,et reinaldi majoris .ad munimen gͥ hujus

248 1327 3468 133 rei ,sigillum nr̃m carte huic apponimus ,ne quis hec ignorando negare vel infringere moliat᷑ .s; sciendũ

386 1474 2773 104 sex librasqͣs dixim9 pͥvionensis ẽẽ monetę .anno ab incarnatione dñi m .c .l .viiii .
