4694 2768
308 301 3969 132 ego galterius ,dei grã lingoñ eps̃ ,notum fieri volo omnib; hominib; tam fut᷑is qͣm p̃sentib; qͦd osmundus de

285 417 4091 130 plaaneto ,laudante uxore sua isebel ,dedit et concessit eccłe fonteñ in helemosinam pro anima sua et parentum suorum ,

290 531 4113 130 censum quem sibi annuatim solvebant fontenet̃ pro t̃ra plaaneti :decem videl̃ sol̃ et dimidium modium annone ,me

281 647 4116 130 dietatem frumeti et medietatem avene .hujus rei testes sunt odo archip̃sbiter tullionis ,joh̃s de marsaz & ulduin9

284 758 4116 133 fr̃ ejus & bernard9 narioldi .hoc laudaverunt mabilia amita ipsius osmundi & filii ejus ,hugo ,renard9 & robertus ,&

291 873 4112 129 si quid juris in eodem censu habebant ,similiter concesserunt ecclesie fonteneti .de laude mabilie testes sunt viłł

284 986 4113 135 mus de fraxino monachus ,engerbertus presbiter ,petrus alerez .de laude hugonis & rob̃ti fr̃is ejus ,testes sunt

282 1105 4145 127 odo archipresbiter tullionis ,rainaudus decanus montis barri ,hugo curebos ,bernardus narioldi .de laude renar

287 1219 4122 128 di alterius fr̃is ,testes sunt viardus vicecomes ,robertus de crie ,humbertus filius rocelini .hoc etiam similiter lau

279 1331 4055 138 daverunt & concesserunt cognati prefati osmundi :renerius de sc̃a columba & petrus fr̃ ejus & maria soror illorum .

311 1451 4053 133 unde sunt testes petrus uldrei et villelmus filius ej9 ,renerius de rocha & renerius pullus .eodem modo hoc

296 1561 4116 139 ipsum laudavit et concessit renerius de caudesel .unde sunt testes joh̃s de marsaz et ulduinus frater ejus ,

293 1676 4077 144 gaufridus de arrant .actum ẽ hoc anno ab incarnatione domini millesimo .centesimo .septuagesimo t̃cio .
