4424 3246
384 332 3580 323 ego henricus ,dei grã eduensis epc̃ ,tam futuris quam p̃sentib; notum facio qd̃ rob̃tus de sc̃a columba con

404 663 3579 187 cessit jure ꝑpetuo possidenda monachis fontenetensib; ,laudante uxore sua luca ⁊ filiis suis ,pro salute animę

392 866 3640 183 suę ⁊ illoꝝ ,sex jugera terrę sub chimino ꝓpe vadum qd̃ est ante domum prati & prata sex carrarum .guer

392 1071 3602 178 pivit etiam idem rob̃tus ⁊ uxor ⁊ filii sui quicquid calumniabant᷑ in decima marmanię ⁊ in terris in fi

384 1294 3582 145 nagio marmanię quas dicebant sibi accidisse a quodam ileranno ⁊ a quib;dam aliis .rocognitũ qͦq;

398 1477 3559 149 fuit in die qua hoc factum est ꝑ manum andreę montis barri dñi qd̃ pastura de sanhiaco communis

377 1657 3646 166 erat fontenetensibus .dona qͦq; alia que ab antiquo fratrib; fecerat ,de quibus & movebat injuste calum

378 1860 3609 158 niam guerpivit simiłr̃ ipse & uxor ⁊ filii ;& juravit idem robertus suꝑ altare fanii quia nullam dein

386 2059 3568 162 ceps futuris temporib; suꝑ hec moveret calumniam .qd̃ & filii sui affidaverunt coram hildierio de

372 2263 3398 165 birri & rainaldo vicecomite ,rainaudo quoq; decano montis barri ,& matheo de curtengi .
