6202 4706
1104 1115 4244 256 stephanus ,d̄i grā eduensis ep̄s ,dilecto fr̃i willelmo abb̃i fonteneti om̃ibusq; in ꝑpetuum ibidẽ

1068 1249 4268 232 regłariter substituendis .quia dignũ ẽ justis petitionibus assensum p̃bere ,petitioni tuę immo to

1048 1383 4272 227 tius cui prees ęccłę annuentes nos quoq; post apłica p̃cepta decernimus ne qua vł ęccłastica ł

1052 1503 4244 221 secularis ꝑsona aliquid de decimis possessionis flaciaci vel aliarum p̃dicte ęccłę possessionum

1064 1629 4244 233 accipere p̃sumat .ad alimentum enim frm̃ d̃o in eadem ęccła in ꝑpetuũ servientium con

1068 1751 4312 233 cedimus eis omnem eoꝝ decimam ad cujuscumq; ęcłarum nrãrum jus antea ꝑtinuerit .si qͥs

1066 1899 4250 209 autem contra hęc scienter egerit ,anatematis eum districtione ꝑcellimus donec reatus

1068 2051 4272 179 sui facinus congrua emendet satisfactione .vicinis autem pb̃ris tam p̃sentibus quã futu

1056 2179 4292 176 ris p̃senti decreto p̃cipimus ut suꝑ quẽcũq; clamorem ęccłę vr̃ę de dampnis ejus sive

1068 2297 4280 194 de antiqua laicorum p̃sumtione in decimas seu de aliis audierint plenissimam de eo jus

1060 2435 4260 190 titiam faciant nec usq; ad congruam relaxent emendationem .alioquin officii sui

1090 2595 4282 182 ꝑiculum incursuros se noverint ,& a dño ꝓ quo zelare aut nolunt aut trepidant

1092 2743 2860 168 malum qd̃ merent᷑ si non emendaverint recepturos .

1058 2921 4304 154 actum est hoc eduę in plena synodo .xv .kl .julii ,laudantib; archidiaconib; gaufrido ,

1076 3087 4230 160 seguino ,humberto & tota synodo .et ego stephanus eduensis eccłe epc sigillo meo

1058 3249 1040 106 munio & confirmo .
