3544 2278
273 275 3096 124 ego gaut̃ius ,dei grã eduoꝝ eps̃ ,notum facio p̃sentib; parit̃ et futuris qd̃ raineri9 de chaude

246 420 3068 153 saul ,miles ,dedit et concessit in perpetuam elemosinam eccłiis de fonteneto ⁊ de juliaco qͥcquid

252 586 3080 165 juris habebat in pasturis de saneveto ,laudantib; ⁊ consentientib; pontio filio ⁊ filiab; ejusdem

224 759 3070 153 rainerii ,scill̃ sybilla ⁊ galia ,et roberto ejusdem sybille viro .hoꝝ omniũ testes sunt :robertus ,

233 924 3040 168 archip̃sb̃r tullionis ,guiłłmus capellanus de chaaciaco ,robertus li sas ,miles de gͥnione ,huoz

237 1104 3003 162 filius dñi oliveri gͥnioñ ,hugo ⁊ guillermus cełłarii ,⁊ joh̃es de bonesi ,monachi fontenet̃ .

261 1287 3030 175 quod ut totum ratũ habeatur in posterum ,sigilli mei munimine p̃sentẽ cartulã robora

246 1468 2279 168 vi ,anno ab incarnatione dñi millesimo .ducentesimo .primo .
