3822 2848
191 209 3367 103 ego galterius ,dei grã ling̃ eps̃ ,notum facio cunctis p̃sentib; et futuris quod symõ

194 345 3348 103 de lentagio & symon & gaufridus ,filii ejus ,in capitulo font̃ coram conventu ejus

203 477 3291 103 dem loci laudaverunt et concesserunt ꝓ animab; suis d̃o & sc̃e marie fonteneti et

204 608 3360 108 fr̃ib; ejusdem loci pasturam ad omnia animalia sua & pastionem porcis ꝑ totum fina

200 737 3303 117 gium ville que appellatur puteus que de casam̃to ipsius symonis ẽ .laudaverunt

206 877 3300 115 similiter & concesserunt ut pastores fontenetensium quotiens et qͣmdiu in eodem

197 1025 3364 111 finagio morati fuerint ,lib̃e ibi accipiant in t̃ra & in aqua ,in bosco & in plano quic

204 1175 3339 114 quid eis necessarium fuerit & boscum ad ardendum et ad bordas & ramatas faciẽ

210 1322 3342 121 das et si quid juris habebant in joence similit̃ p̃dicte ęccłę fr̃ib; dederunt & conces

195 1472 3336 112 serunt ,& om̃s querelas atq; calumnias quas adversus eosdem fr̃s habebant ex to

195 1613 3315 117 to dimittentes ,ab ipsis fr̃ib; in cunctis beneficiis spiritalibus ipsius eccłe suscepti

213 1759 3314 122 sunt .hec omnia laudavit uxor simonis regina ,& filii ejus willelm9 & rainerius .

225 1895 3344 127 uñ testes s̃ teobaldus de moris ,mͦ ,petr9 de chan9 barri ,hugo de buxol ,magister aremb̃t9 .
