3622 3702
300 266 3032 114 ego steph̃s d̃i grã eduensis eps̃ notum facio p̃sentib; & futuris quod oliverius

264 422 3111 109 filius brutini laudavit & concessit ęccłę fonteneti et fr̃ib; ejusdem loci quicquid habebant

272 568 3066 115 a patre suo vineam scilicet quę ẽ juxta vineam flaciaci & terram quę est

276 716 3060 117 juxta eandem vineam in qua fuit vinea rob̃ti salinarii ꝓ qua t̃ra dabunt p̃dicti

266 868 3109 113 fr̃s eidem oliverio duos denarios census semꝑ in marcio scambivit

273 1022 3072 117 quoq; idem oliverius p̃dictis fr̃ib; campum de scalis & t̃rã quam habebat

252 1169 3123 118 subtus vineam joh̃is filii odonis lemanni ad oschiã quã habebant monachi

248 1313 3139 124 retro sanniacum & ad duo jornalia dedit etiam eisdem fr̃ib; totam terram

251 1478 3073 124 qͣm habebat apud marmaniam exceptis mansis arbergatis & tenementis

260 1625 3120 112 eorundem mansorum quę habebant tempore patris sui hęc om̃ia

258 1768 3128 118 bona fide dedit & concessit oliverius p̃dicte ęccłę fr̃ib; juram̃to confirmans

261 1925 3107 109 quod de his omnib; eisdem fr̃ib; legitimam garentiam portaret si quis calumniator

263 2075 3094 111 existeret & de his responsores dedit widonem de venerri rainerium

254 2228 3160 111 de frollesio rainerium de sc̃a columba godefridum jenniaci qui etiã

260 2378 3114 106 testes sunt horum ut autem hęc rata firmaq; maneant in posterum sigilli

270 2530 2477 103 nr̃i munimine cartam presentem roborari precepimus
